4084 8009
347 1614 408 1659 rur
910 1597 1125 1660 PRAEFATlO.

348 1743 471 1817 stram,
489 1759 506 1794 a
528 1728 577 1798 de
591 1729 738 1824 antiqua
752 1727 870 1800 solum
885 1753 1036 1824 prorsus
1048 1745 1083 1800 et
1099 1730 1204 1826 plane
1223 1732 1334 1812 valet;
1351 1733 1387 1802 in
1403 1748 1526 1802 nostra
1540 1736 1677 1804 etenim

349 1851 440 1922 illud
458 1860 533 1921 vita
546 1851 591 1922 de
607 1852 771 1922 moribus
786 1851 898 1923 modo
916 1868 951 1922 et
968 1852 1156 1923 affectibus
1173 1878 1371 1950 eorumque
1388 1854 1554 1926 fatalibus
1572 1881 1678 1927 even·

348 1976 393 2044 tis
410 1974 563 2070 capitur,
587 1999 678 2057 non,
701 1990 741 2044 ut
757 1976 794 2046 in
818 1974 894 2061 illa,
910 1974 956 2044 de
979 1989 1053 2045 tota
1068 1975 1194 2071 populi
1212 1977 1282 2046 vita
1297 1992 1332 2046 et
1350 1978 1505 2047 actione.
1527 1982 1579 2047 De
1597 2002 1676 2048 mo·

347 2070 450 2165 ribus
467 2111 586 2166 autem
603 2097 687 2192 quia
704 2098 842 2166 mentio
859 2095 1005 2182 incidit,
1022 2094 1093 2166 hoc
1111 2095 1242 2167 addere
1257 2096 1394 2193 placet:
1414 2123 1487 2167 tion
1505 2123 1675 2193 negamus

346 2241 431 2287 cum
457 2218 581 2313 cynica
599 2216 824 2314 impudentia
846 2233 882 2288 et
906 2217 1078 2291 obscoena
1101 2219 1300 2290 nudatione
1326 2220 1436 2289 multa
1462 2222 1612 2315 prolerri
1637 2224 1673 2290 in

344 2341 491 2437 antiqua
518 2338 694 2411 comoedia
717 2355 823 2439 atque
843 2344 897 2438 agi
924 2346 1020 2437 (non
1050 2341 1302 2413 amulieribus
1327 2341 1494 2438 quidem,
1521 2367 1674 2439 quarum

345 2478 464 2559 partes
481 2464 578 2535 viros
595 2465 707 2560 egisse
723 2481 883 2570 constat,
901 2489 1019 2561 neque
1037 2489 1159 2536 coram
1177 2466 1350 2534 matronis
1376 2480 1411 2534 et
1434 2466 1569 2535 civium
1584 2464 1673 2535 filia·

344 2587 457 2675 busl;
478 2586 541 2659 sed
566 2588 677 2660 iidem
700 2587 749 2658 illi
771 2605 903 2684 poetae,
927 2591 990 2684 qui
1018 2587 1217 2658 immundis
1243 2587 1377 2657 facetiis
1404 2613 1673 2684 nonnunquam

346 2706 540 2782 indulsisse
553 2713 793 2808 reperiuntur,
807 2709 972 2781 horribili
987 2709 1128 2807 flagello
1144 2708 1327 2781 car-debant
1343 2710 1510 2783 homines
1523 2710 1673 2782 vitiosos

345 2848 380 2904 et
394 2833 581 2921 scelestos,
597 2859 689 2929 quos
706 2832 872 2903 hodierni
890 2832 966 2902 ludi
981 2833 1133 2904 comitas
1145 2850 1181 2903 et
1197 2834 1382 2905 urbanitas
1397 2836 1533 2906 salibus
1547 2849 1581 2904 et
1598 2836 1670 2906 risu

346 2933 544 3051 perfundit.

391 3082 526 3148 Verum
542 3077 621 3147 laeta
639 3076 697 3146 illa
713 3075 878 3160 libertas,
898 3090 936 3143 ut
955 3090 1041 3145 sunt
1058 3100 1112 3145 res
1128 3076 1312 3162 humanae,
1329 3075 1418 3146 abiit
1435 3078 1471 3145 in
1491 3076 1671 3151 licentiam

345 3216 380 3270 et
394 3208 466 3271 vim
477 3200 616 3291 dignam
632 3199 708 3290 lege
719 3205 793 3290 regi
800 3226 813 3281 ;
831 3198 978 3267 accessit
992 3197 1115 3268 inlelix
1127 3198 1215 3269 belli
1230 3198 1526 3295 Peloponnesiaci
1543 3201 1670 3286 exitus,

343 3336 379 3392 et
393 3321 538 3390 fortuna
551 3319 651 3389 urbis
661 3318 781 3390 fracta.
798 3320 857 3390 Sic
872 3319 1003 3390 lactum
1014 3336 1054 3391 nt
1069 3320 1131 3391 illo
1146 3336 1308 3416 ternpore
1320 3320 1506 3392 Comoedia
1520 3321 1670 3392 modum

343 3455 496 3511 verteret
512 3455 546 3510 et
571 3441 769 3510 exoriretur
786 3465 897 3536 quam
921 3457 1057 3513 veteres
1074 3443 1188 3513 critici
1205 3442 1432 3539 appellarunt
1446 3442 1590 3511 mediam
1607 3468 1668 3513 co·

344 3562 524 3634 moediam.
545 3562 660 3633 Aliam
674 3565 772 3633 enim
792 3579 874 3658 post
891 3563 950 3634 illa
967 3566 1126 3636 comicus
1139 3565 1244 3658 jocus
1260 3563 1411 3633 ludendi
1432 3564 1585 3634 sormam
1605 3567 1671 3635 cir-

343 3688 566 3783 cumspicere
590 3686 761 3774 debebat,
778 3712 859 3783 quae
875 3685 966 3756 nihil
986 3685 1135 3757 haberet
1153 3685 1253 3782 qnod
1270 3687 1307 3756 in
1325 3676 1531 3782 potentium
1552 3688 1669 3758 homi-

344 3833 452 3896 num,
471 3810 606 3906 quibus
639 3825 716 3879 tum
742 3833 881 3880 summa
906 3809 942 3877 in
973 3809 1116 3879 civitate
1147 3823 1307 3905 potestas
1339 3808 1554 3880 demandata
1578 3827 1669 3896 erat,

343 3932 662 4028 reprehensionem
677 3934 893 4018 incurreret,
908 3929 963 4001 vel
986 3932 1105 4028 ipsum
1122 3930 1321 4027 populum,
1331 3931 1405 4025 jam
1425 3958 1466 4003 ex
1483 3933 1668 4004 debilitate

342 4056 640 4151 suspicaciorem,
654 4053 865 4124 ollenderet.
888 4058 1013 4149 Neque
1031 4069 1149 4124 tamen
1167 4050 1249 4124 ideo
1266 4055 1383 4125 media
1402 4055 1477 4126 hoec
1492 4055 1668 4126 comoedia

343 4178 518 4272 ingenuos
546 4176 693 4270 spiritus
718 4174 872 4262 dimisit,
894 4175 955 4245 sed
978 4174 1023 4245 ad
1044 4174 1258 4247 modestiam
1276 4176 1459 4273 quandam
1477 4200 1554 4246 sese
1569 4201 1667 4246 com·

343 4299 464 4393 posuit
482 4311 517 4367 et
533 4295 709 4367 leniorem
722 4296 846 4390 jocum
862 4297 1080 4394 temperavit.
1098 4299 1290 4368 Rarissima
1307 4298 1400 4368 liunt
1421 4313 1631 4392 argumenta
1647 4322 1666 4366 a

342 4418 497 4515 publicis
522 4417 630 4489 rebus
649 4419 777 4515 petita,
801 4420 927 4516 privati
945 4433 1064 4489 autem
1090 4418 1273 4501 homines,
1288 4443 1446 4516 quorum
1473 4443 1591 4489 mores
1613 4419 1666 4488 vel

342 4540 436 4613 dicta
453 4539 647 4614 offensioni
665 4557 728 4614 aut
746 4542 832 4612 nsui
847 4556 960 4624 erant,
979 4565 1070 4637 sepe
1085 4539 1336 4610 traducuntur.
1355 4541 1435 4610 Fuit
1456 4555 1578 4611 autem
1593 4541 1668 4612 haec

340 4665 516 4736 comoedia
528 4666 734 4759 jocosarum
748 4664 937 4735 fictionum
949 4663 1176 4751 feracissima,
1191 4687 1270 4758 qnae
1280 4687 1372 4759 saepe
1382 4688 1424 4733 ex
1441 4663 1667 4761 mythologice

341 4812 459 4882 graecae
474 4786 688 4858 inexhausto
705 4788 803 4857 sonte
817 4786 1056 4873 ducebantur,
1072 4812 1163 4882 saepe
1179 4787 1286 4856 etiam
1301 4811 1343 4855 ex
1364 4784 1667 4881 philosophorum

343 4908 505 4978 moribus
524 4908 778 5002 singularibus.
801 4910 980 5003 Praecipua
996 4932 1081 4981 vero
1097 4910 1134 4980 in
1152 4908 1221 4981 hac
1239 4923 1315 4980 erat
1330 4906 1431 4979 sedes
1440 4907 1667 5004 pameliorum

341 5053 430 5124 quas
441 5027 624 5124 hodieque
640 5053 821 5112 vocamus,
838 5043 874 5099 et
887 5053 1126 5125 personarum
1139 5032 1232 5101 ultra
1242 5054 1367 5101 verum
1381 5046 1667 5125 exaggeratanrm

341 5174 430 5246 quas
447 5149 603 5220 dicimus
617 5165 814 5245 grotesqucs
841 5177 850 5218 :
875 5165 984 5246 atque
1007 5152 1136 5223 harum
1160 5176 1397 5249 personarum
1424 5176 1506 5248 pars
1527 5156 1664 5225 transiit

341 5273 448 5343 etiam
465 5273 502 5342 in
522 5297 653 5343 novam
670 5273 901 5359 comoediam,
921 5290 1019 5345 certe
1040 5275 1170 5346 milites
1191 5275 1335 5370 gloriosi
1361 5290 1396 5345 et
1418 5277 1584 5372 parasiti,
1603 5279 1666 5371 qui

342 5420 434 5495 saepe
455 5396 501 5467 ita
518 5396 747 5485 exhibentur,
770 5416 811 5470 ut
838 5397 965 5470 mediae
988 5423 1099 5495 qnam
1118 5423 1218 5470 novae
1236 5397 1420 5469 comoedize
1437 5399 1582 5491 ingenio
1604 5422 1665 5492 ap·

343 5534 490 5616 pareant
506 5521 795 5616 propinquiores.

388 5644 480 5714 Talis
494 5658 568 5714 erat
590 5645 639 5714 rei
661 5646 806 5734 comice
820 5644 970 5715 Athenis
992 5642 1153 5714 conditio
1171 5641 1348 5739 usquead
1369 5639 1508 5712 cladem
1527 5639 1667 5711 Chaero·

343 5791 492 5837 nensem
511 5766 678 5837 :nullum
696 5791 736 5837 ex
754 5765 870 5839 media
887 5767 954 5840 hac
977 5783 1079 5841 aetate
1102 5784 1283 5840 servatum
1298 5784 1350 5839 est
1371 5782 1665 5841 monumentum.

341 5890 518 5959 Successit
529 5913 613 5958 nova
622 5889 812 5978 comoedia,
827 5914 936 5986 quam
949 5889 1126 5962 imitando
1142 5905 1392 5987 expresserunt
1405 5890 1520 5960 Latini
1536 5906 1666 5987 poetae3

342 6011 472 6082 horum
489 6011 613 6105 viginti
634 6014 797 6109 quinque
821 6013 956 6084 fabulas
976 6014 1155 6084 habemus
1172 6013 1398 6109 superstites,
1422 6028 1591 6110 praterea
1606 6040 1666 6110 ge·
