4084 8009
261 1540 318 1596 426

307 1669 373 1733 Ούκ
387 1666 568 1754 ἐπικεκυφὼς
582 1661 679 1754 ὀρθὸς,
696 1657 720 1724 ὦ
735 1663 887 1745 βέλτιστ’,
903 1661 979 1743 ἔσει,

307 1774 386 1842 αὕτη
395 1768 408 1795 ⁸
420 1763 453 1834 δὲ
468 1761 589 1859 καριδοῖ
603 1766 639 1831 τδ
654 1774 743 1856 σῶμα
755 1767 920 1856 καμπύλη,

307 1872 426 1969 ἄγκυρά
442 1870 472 1940 τ’
486 1872 569 1939 ἐστὶν
583 1867 722 1963 ἄντικρυς
736 1882 789 1940 τοῦ
799 1870 813 1899 ⁴*
823 1873 979 1963 σώματος.

263 2028 276 2052 ι
293 2001 453 2059 Alierthaec
474 2000 541 2059 Ath.
562 2018 598 2055 eo
613 1999 747 2068 consilio,
765 2011 798 2056 ut
812 1999 929 2068 doceat,
942 1996 1046 2075 καρῖδες

259 2091 416 2164 penultima
427 2089 514 2162 longa
525 2087 600 2157 dici;
613 2087 693 2161 quod
706 2104 871 2161 quanquam
878 2104 976 2141 verum
987 2095 1043 2153 est,

260 2191 354 2234 tamen
365 2196 400 2233 ex
411 2177 467 2232 hoc
478 2177 543 2232 loco
555 2195 614 2231 non
621 2186 751 2250 apparet.
765 2200 777 2225 ι
791 2177 864 2231 EM.
880 2175 953 2231 Sane
963 2174 1045 2247 prior

259 2266 370 2341 syllaba
379 2265 458 2319 vocis
467 2260 673 2339 aeplcproduci
682 2264 755 2319 solet
765 2262 805 2339 (ν.
815 2261 926 2320 eumad
936 2263 1045 2333 Lycur·

259 2351 344 2429 gum)
363 2371 370 2406 :
388 2353 524 2426 quoniam
542 2363 636 2408 tamen
651 2370 711 2406 non
727 2350 828 2406 desunt
847 2349 977 2423 exempla
996 2365 1045 2402 va-

259 2441 337 2495 riatae
353 2440 516 2513 quantitatis
528 2440 687 2508 vocalium,
702 2448 796 2514 potest
813 2446 846 2492 ut
865 2440 921 2493 An.
942 2435 1047 2491 dixerit

260 2524 328 2583 ἔσει·
350 2523 417 2596 αὕτη
440 2525 544 2602 καριδοῖ
565 2521 597 2594 δὴ
620 2522 650 2582 ab
672 2546 698 2585 σ.
722 2547 760 2595 κ.,
783 2524 933 2600 asyndeto,
960 2523 1046 2596 quale

259 2614 358 2689 Ulysse
372 2633 453 2670 versu
472 2633 517 2686 17·
532 2617 622 2671 Versir
643 2633 655 2669 r
679 2614 856 2688 Dalecamp.‚
876 2624 904 2669 et
923 2612 1043 2669 Casaub.

260 2698 423 2779 ἐπικεκυφὼς
429 2720 484 2777 pro
493 2700 670 2779 ἕπυιεκρυρῶς
679 2698 809 2779 vel-prbe.
822 2703 852 2758 ln
862 2699 917 2755 fine
924 2718 1044 2755 versusa

260 2791 390 2845 nonnulli
406 2791 471 2845 libri
488 2790 522 2845 r'.
534 2791 568 2845 V.
584 2789 601 2844 3
619 2787 721 2864 όγκυρα
740 2788 850 2846 dictum
863 2788 974 2862 tropice
991 2806 1045 2862 pro

261 2877 465 2952 impedimento
500 2879 559 2932 sive
591 2877 751 2935 obstaculo.
782 2874 926 2951 Σόεματος,
958 2878 1046 2931 immo

261 2966 440 3042 σχήματος

204 3084 208 3092 .
641 3087 667 3123 2.

300 3178 401 3235 Suidas
413 3196 443 3236 v.
461 3173 668 3256 Ἀρεοπαγίτηςε
687 3175 732 3234 καὶ
753 3172 843 3254 Ἄρεος
864 3174 982 3247 νεοττὸς,
1001 3173 1047 3232 καὶ

260 3260 374 3343 Ἄρεος
388 3261 537 3336 παιδίον,
550 3261 594 3322 ἐπὶ
607 3265 658 3321 τῶν
676 3263 853 3343 θρασυτάτων.
868 3261 996 3341 κόχρηται
1009 3264 1048 3342 τῷ
1093 3296 1102 3319 2

241 3363 248 3379 ⁰
263 3350 311 3425 ple
325 3348 421 3429 πρώτῳ
436 3347 552 3411 Πλότων
570 3349 742 3430 Πεισάνδρῳ,
763 3353 802 3431 τῷ
820 3349 847 3409 δὲ
867 3348 979 3429 δευτέρῳ
993 3348 1046 3408 hv.

263 3436 406 3515 Πανδάρῳ.
423 3436 471 3495 sie
490 3449 566 3494 recte
586 3440 646 3494 haec
665 3440 828 3496 emendavit
844 3440 977 3512 Meiuelr,
998 3458 1048 3513 qui

262 3525 374 3585 confert
382 3524 510 3585 Nireum
522 3527 593 3583 llist.
602 3545 633 3601 p.
646 3526 768 3598 307,nbi
777 3522 1047 3605 εεῑἌρεοςτρόριμοι.

494 3675 632 3737 xxvnl.
658 3677 810 3737 [totels.

306 3846 319 3870 ι
335 3820 421 3894 Quod
435 3822 553 3897 Eupolis
566 3821 634 3878 feeit
648 3817 779 3895 Πόλεσιν,
792 3832 825 3876 ιιι
837 3822 966 3877 civitates
973 3824 1050 3880 Grae·

262 3910 312 3964 ciae
332 3920 497 3983 personatos
521 3909 550 3964 in
570 3927 683 3966 scenam
707 3908 896 3983 produceret,
918 3910 995 3965 idem
1018 3912 1049 3965 in

262 3998 432 4073 cognomine
450 3996 545 4053 sabula
564 3997 605 4054 sic
624 3998 775 4055 instituisse
788 3997 903 4053 videtur
922 4003 991 4068 An,
1015 4009 1049 4057 ut

262 4084 446 4159 presentibus
461 4085 491 4139 in
502 4102 587 4142 scena
601 4085 770 4143 Civitatibus
783 4086 889 4163 legatos
902 4087 1048 4164 AEgyptlo·

263 4192 326 4229 rum
342 4172 507 4244 induceret,
520 4170 735 4231 Atheniensium
744 4173 836 4231 soedus
848 4186 933 4250 atque
945 4179 1049 4233 auxilia

263 4274 409 4339 petentes,
425 4263 475 4336 qui
494 4263 558 4319 illos
578 4267 720 4339 aspernati
737 4283 771 4321 eo
785 4264 874 4321 modo
888 4265 1048 4342 responde-

263 4351 335 4420 rint,
351 4369 409 4424 quo
424 4350 528 4426 legitur
538 4352 614 4426 apud
625 4353 801 4410 Athenaeum.
818 4377 830 4401 »
846 4353 871 4408 Ε
883 4354 928 4408 Μ.

305 4441 407 4498 Athen.
420 4460 449 4511 7,
463 4460 494 4516 p.
513 4460 581 4516 299,
594 4443 616 4497 F
629 4460 636 4499 :
648 4438 702 4499 Ἀν.
719 4440 741 4497 δ’
751 4440 778 4498 lv
791 4439 908 4518 Πόλεσι,
920 4438 982 4519 πρὸς
991 4439 1049 4507 τοὺς

263 4524 422 4605 Αἰγυπτίους
438 4526 637 4605 ἀποτεινόμενος
651 4527 694 4586 τὸν
706 4527 792 4606 λόγον,
805 4527 883 4608 φησὶν

336 4644 402 4707 Οὐκ
417 4635 452 4705 ἃν
466 4636 612 4733 δυναίμην
626 4648 800 4733 συμμαχεῖν
813 4647 885 4734 ύμῖν
899 4646 976 4735 ἐγώ·

335 4742 396 4812 οὗθ’
412 4746 439 4811 οἱ
455 4748 560 4837 τρόποι
575 4744 633 4840 γὰρ
647 4753 795 4838 όμονοοῦσ’
811 4748 870 4813 οὔθ’
887 4748 913 4813 οἱ
926 4749 1008 4840 νόμοι

336 4857 435 4940 ἡμῶν,
454 4852 507 4917 ἀπ’
525 4852 668 4925 attatei
685 4846 718 4919 δὲ
732 4847 880 4942 διέχουσιν
893 4856 983 4919 πολύ.

337 4966 409 5020 Βοῦν
418 4963 609 5046 προσκυνεῖς,
625 4961 686 5050 ἐγὼ
700 4952 733 5025 δὲ
748 4960 806 5025 θύω
820 4965 886 5036 τοῖς
901 4959 990 5035 θεοῖς·

290 5054 310 5124 5
338 5063 394 5132 τὴν
407 5062 535 5152 ἔγχελυν
550 5064 692 5153 μέγιστον
709 5069 780 5155 ἡγεῖ
794 5057 944 5154 δαίμονα,

548 5249 756 5304 PANDARUS.

263 5416 398 5473 Curinus
410 5432 496 5489 quum
510 5339 819 5489 sis‚opti1de,noneris
834 5430 941 5488 rectus,

263 5500 312 5557 sed
325 5502 431 5574 squillae
440 5502 529 5560 simile
539 5501 629 5560 reddit
642 5520 740 5578 corpus
750 5506 809 5563 haec
821 5507 941 5576 inllerio,

264 5603 429 5662 prorsusque
442 5604 541 5649 εοεοιο
553 5591 708 5673 estlormae.

646 5680 672 5729 2.

265 5755 360 5814 llartis
375 5756 475 5828 pullus.

557 5846 755 5905 Cllll'lATES.

319 5930 382 5987 Non
394 5946 503 6003 possum
514 5933 602 5990 socius
614 5935 689 5991 vobis
701 5953 757 5994 esse
770 5940 797 5994 in
809 5939 881 5996 bello
897 5959 902 5993 :

319 6031 407 6087 neque
421 6017 495 6073 enim
509 6018 549 6075 vel
562 6036 651 6078 mores
663 6033 816 6096 eonpuunt
833 6026 874 6083 vel
887 6027 959 6100 leges

319 6110 435 6170 nostrae,
447 6103 494 6160 sed
508 6105 624 6163 multum
638 6108 754 6168 invicem
768 6110 909 6169 dillemnt.

318 6188 359 6244 Tu
371 6188 467 6245 bovem
477 6189 590 6258 adoras,
605 6210 655 6266 ego
664 6195 718 6252 diis
729 6199 869 6265 sacrifico3

283 6278 300 6327 5
323 6273 469 6343 anguillam
480 6283 510 6331 tu
523 6278 670 6336 marimum
683 6298 742 6341 esse
756 6292 834 6356 putas
844 6283 1013 6363 daemonem,

251 6433 260 6442 .
319 6373 370 6432 nos
383 6361 557 6430 opsoniomm
572 6364 653 6438 louge
666 6370 817 6440 optineam

767 1526 904 1586 MElllAE
926 1523 1134 1586 coMOEulAE
1155 1521 1359 1595 REIAQUlAE.

1164 1665 1252 1749 ἡμεῖς
1270 1652 1304 1722 δὲ
1327 1665 1388 1722 τῶν
1404 1653 1484 1744 ὄψων
1504 1659 1645 1748 μέγιστον
1660 1663 1836 1749 παραπολύ·

1090 1766 1093 1773 ’
1164 1770 1216 1831 οὐκ
1233 1764 1334 1840 ἐσθίεις
1348 1761 1412 1847 ὕει’,
1424 1766 1484 1855 ἐγὼ
1503 1757 1538 1828 δέ
1551 1760 1582 1856 γ’
1593 1758 1706 1854 ἥδομαι

1166 1870 1304 1962 μάλιστα
1328 1872 1460 1945 τούτοις·
1483 1871 1558 1935 κύνα
1580 1865 1695 1956 σέύεις,
1719 1874 1828 1938 τύπτω
1845 1866 1874 1938 δ’

1795 1980 1874 2069 ἐγὼ,

1165 2078 1273 2168 τοῦψον
1286 2076 1500 2146 κατεσθίουσαν
1514 2075 1589 2151 ἡνίκ’
1599 2073 1636 2144 ἃν
1648 2075 1753 2146 tetdo·

1098 2209 1138 2254 10
1165 2188 1234 2264 τοὺς
1248 2186 1340 2277 ἱερέας
1354 2177 1457 2250 ἐνθάδε
1472 2184 1525 2274 μὲν
1534 2188 1713 2277 όλοκλύρους
1728 2186 1814 2277 νόμος

1165 2287 1260 2377 εἶναι,
1277 2296 1348 2382 παρ’
1367 2295 1441 2381 ὑμῖν
1461 2283 1507 2376 δ’,
1529 2294 1569 2369 ὡς
1590 2292 1697 2376 ἔοικεν,
1719 2291 1878 2384 ἀποργμέ·

1798 2425 1877 2476 νους·

1167 2501 1219 2567 τὸν
1234 2499 1383 2593 αἰελουρον
1403 2500 1496 2566 κακδν
1509 2497 1611 2591 ἔχοντ’
1626 2501 1679 2568 ε’άν
1693 2498 1725 2595 γ’
1742 2497 1827 2597 ἰ’διρς,

1164 2607 1280 2693 κλαίεις,
1292 2611 1353 2700 ἐγὼ
1363 2601 1393 2673 δ’
1400 2600 1502 2681 ἥδιστ’
1515 2603 1780 2699 (δν)ἀποκτείνας
1790 2604 1876 2702 δέρω·

1166 2709 1295 2781 δύναται
1307 2719 1379 2805 παρ’
1391 2718 1464 2803 ύμῖν
1478 2718 1602 2805 μυγαλῆ
1612 2762 1622 2798 ,
1632 2720 1705 2806 παρ’
1716 2713 1782 2806 ἐμοὶ
1796 2710 1831 2781 δέ
1845 2712 1878 2809 γ’

1828 2825 1874 2889 ού.

1092 2932 1194 3003 Versus
1208 2949 1345 3017 7numeri
1360 2945 1541 3003 infirmiores.
1558 2947 1659 3006 Scribo
1671 2945 1729 3005 θειό
1742 2950 1768 3024 γ’
1780 2946 1833 3025 ἐγὼ
1848 2949 1874 3007 δὲ

1092 3032 1221 3112 χῆδυμαι.
1236 3034 1343 3094 Versus
1357 3054 1392 3090 ro
1406 3046 1435 3093 et
1449 3053 1482 3092 rr
1501 3035 1584 3091 affert
1601 3037 1729 3095 Eustath.
1744 3055 1774 3111 p.
1789 3040 1877 3111 1183,

1097 3122 1142 3181 ιδ.
1154 3116 1262 3180 Ἔοικεν
1270 3123 1344 3178 bene
1356 3123 1443 3179 habet
1455 3123 1485 3177 in
1491 3124 1603 3179 sennia
1612 3124 1721 3181 Comici
1730 3125 1876 3183 liberiore.

1093 3210 1176 3284 Quod
1199 3212 1249 3267 elii
1273 3211 1454 3281 maluerunt,
1480 3207 1553 3281 lotx’,
1577 3212 1730 3288 Tragicom
1750 3212 1876 3273 deceret.

1099 3296 1303 3376 Λπηργριόνους,
1316 3310 1465 3366 cornutos,
1476 3296 1519 3355 διὰ
1529 3296 1578 3368 τὴν
1588 3300 1686 3375 τμῆσιν
1694 3300 1747 3356 τῶν
1759 3301 1877 3378 αἰδοίων,

1040 3441 1047 3452 ,
1092 3398 1124 3444 ut
1137 3387 1247 3444 scribit.
1259 3390 1338 3444 Eust.
1351 3390 1415 3444 «De
1424 3388 1525 3443 ceteris
1534 3388 1734 3463 AEgyptiorum
1746 3392 1879 3447 sacerdo-

1094 3475 1169 3532 tibus
1178 3476 1250 3531 nihil
1260 3474 1399 3547 ejusmodi
1409 3493 1455 3531 me
1466 3476 1561 3550 legere
1573 3477 1704 3547 memini,
1718 3478 1813 3534 Nilum
1825 3497 1879 3535 au-

1094 3574 1150 3619 tem
1173 3560 1208 3620 δι’
1236 3561 1400 3640 ἀνδρογύνων
1420 3564 1477 3618 coli
1502 3563 1620 3619 tradidit
1637 3564 1792 3640 Gregorius
1808 3567 1878 3627 Naz.

1093 3653 1171 3710 Orat.
1188 3659 1218 3721 l,
1231 3670 1261 3727 P·
1276 3650 1343 3721 καθ’,
1356 3653 1389 3721 Β,
1400 3660 1429 3706 et
1441 3650 1534 3710 Carni.
1548 3652 1583 3707 61
1602 3653 1631 3707 in
1643 3654 1755 3711 Nemes.
1766 3673 1795 3709 v.
1809 3676 1877 3729 277,

1094 3756 1158 3812 que
1172 3738 1258 3795 verba
1268 3756 1328 3794 non
1342 3756 1408 3795 eum
1420 3740 1525 3795 llonno
1535 3739 1637 3815 Synag.
1649 3740 1712 3795 hist.
1719 3741 1757 3796 ad
1770 3743 1878 3803 lovect.

1093 3845 1149 3884 sec.
1166 3826 1248 3903 snb,
1260 3845 1290 3902 p.
1312 3827 1377 3902 169,
1391 3828 1436 3883 vel
1453 3847 1518 3883 eum
1532 3828 1591 3883 Elia
1606 3828 1731 3887 Cretensi
1748 3830 1785 3885 ad
1796 3832 1877 3886 Orat.

1095 3921 1124 3984 4,
1144 3921 1198 3984 4ι,
1216 3933 1246 3989 p.
1271 3914 1345 3988 469,
1364 3914 1402 3970 de
1425 3914 1582 3970 libidinosis
1602 3916 1783 3991 intelligenda
1805 3937 1879 3988 esse,

1094 4004 1181 4060 docet
1202 4004 1340 4059 Eusebius
1358 4004 1414 4058 Vit.
1430 4003 1528 4062 Const.
1553 4011 1581 4073 4,
1594 4002 1650 4073 αδ,
1671 4024 1701 4078 p.
1720 4003 1789 4077 537,
1812 4009 1846 4064 B.
1866 4034 1877 4055 ι

1094 4094 1120 4146 Ε
1141 4094 1186 4149 M.
1207 4094 1241 4150 V.
1262 4091 1295 4146 13
1314 4091 1381 4146 libri
1396 4087 1502 4155 κλαίεις.
1522 4089 1631 4148 Addidi
1645 4089 1689 4150 ἅν.
1709 4095 1743 4151 V.
1767 4100 1800 4159 14
1826 4116 1880 4166 μυ-

1095 4180 1175 4257 γαλῆ,
1191 4200 1219 4239 ν.
1232 4179 1372 4235 Herodot.
1387 4198 1417 4249 a,
1433 4179 1483 4250 67.

1278 4332 1388 4392 XXIX.
1409 4331 1690 4392 ΠΡΩΤΕΣΙΛΑΟΣ.

1478 4482 1502 4518 ι.

1135 4579 1238 4637 Athen.
1262 4582 1291 4650 4,
1305 4595 1337 4650 p.
1362 4537 1471 4645 rasse
1488 4592 1569 4647 seqq.
1588 4594 1595 4630 :
1617 4572 1669 4633 Ἂν.
1687 4574 1712 4632 δ’
1726 4576 1753 4632 ἐν
1770 4575 1881 4653 Πρωτι-

1096 4664 1192 4742 σιλόῳ,
1210 4660 1339 4738 διασύρων
1358 4659 1388 4719 τὸ
1411 4662 1463 4718 τῶν
1484 4659 1646 4739 Ἰφικράτους
1662 4662 1755 4741 γάμων
1777 4665 1882 4739 συμπό-

1096 4751 1212 4824 σιον,δτε
1225 4750 1304 4827 ἤγετο
1316 4747 1363 4820 τὴν
1376 4748 1475 4815 Κότυος
1491 4754 1535 4807 τοῦ
1554 4752 1669 4831 θρῳκῶν
1691 4750 1818 4831 βασιλέως
1834 4758 1880 4810 θυ-

1095 4839 1209 4920 γατέρα,
1225 4838 1290 4917 ρησὶ

1168 4950 1234 5022 Κᾶν
1249 4964 1350 5020 ταῦτα
1368 4963 1472 5045 ποιῇς,
1495 4956 1593 5045 ὥσπερ
1608 4949 1727 5045 ppulo,

1161 5067 1317 5153 λαμπροῖς
1330 5054 1458 5137 δείπνοις
1468 5055 1601 5152 δεξόμεθ’
1613 5066 1709 5152 ύμοῖς,

1147 5255 1179 5304 tu
1190 5246 1299 5303 suillam
1312 5243 1423 5317 quidem
1436 5260 1546 5301 carnem
1556 5261 1612 5302 non
1623 5244 1762 5314 σοιιιεδῖε,
1778 5262 1827 5318 ego
1840 5250 1882 5304 vel

1750 5336 1883 5403 [maxime

1149 5419 1271 5476 delector
1280 5434 1325 5486 εις
1334 5434 1429 5475 canem
1440 5419 1586 5483 veneraris.
1596 5435 1648 5492 ego
1656 5427 1748 5477 autem
1759 5421 1882 5487 verbero,

1150 5506 1172 5562 si
1184 5506 1327 5577 opsonium
1339 5502 1512 5561 devorantem
1524 5505 1650 5573 inveni03

1092 5598 1131 5667 to
1149 5590 1301 5648 sacerdotes
1312 5590 1358 5646 blo
1371 5588 1483 5663 quidem
1495 5590 1556 5663 lege
1565 5599 1631 5647 sunt
1643 5591 1742 5664 integri
1754 5556 1896 5666 corpore..

1150 5679 1222 5751 apud
1236 5688 1403 5745 vosautem,
1416 5678 1469 5735 nisi
1479 5678 1569 5748 fallor,
1582 5680 1709 5747 castrati3

1149 5765 1248 5832 felem,
1263 5766 1333 5822 male
1344 5780 1373 5821 se
1386 5764 1532 5823 habentem
1546 5766 1632 5823 sieubi
1645 5765 1759 5836 rideris,
1806 5769 1880 5835 [rio;

1150 5852 1299 5921 miseraris,
1311 5868 1362 5924 ego
1376 5862 1467 5910 autem
1482 5853 1659 5912 libentissime
1668 5856 1789 5913 occisum
1800 5854 1881 5912 deco·

1151 5941 1180 5996 in
1192 5940 1297 5997 honore
1311 5939 1383 6013 apud
1402 5956 1451 5998 vos
1467 5950 1509 5998 est
1526 5958 1588 5998 mus
1603 5958 1733 6009 araneus,
1747 5942 1820 6015 apud
1833 5960 1883 6000 nos

1439 6056 1450 6066 ·
1594 6028 1722 6104 [quidem
1738 6046 1794 6086 non
1806 6032 1882 6087 item.

1363 6115 1625 6174 PROTESlLAUS.

1475 6209 1499 6259 l.

1150 6291 1185 6345 Et
1199 6291 1235 6345 ita
1247 6290 1270 6346 si
1286 6289 1399 6355 leceris,
1413 6299 1444 6347 ut
1457 6291 1533 6358 dieo,

1150 6375 1302 6449 splendidis
1314 6395 1361 6436 vos
1375 6381 1462 6451 epulis
1474 6382 1654 6455 excipiemus.
