4084 8009
862 1524 1066 1584 CllATlNUS.
1733 1540 1766 1586 rt

156 1665 247 1719 amico
289 1661 398 1720 Cratini
417 1659 493 1716 dicta
514 1670 592 1731 sunt,
614 1661 734 1714 mirante
748 1658 864 1712 'nimiam
879 1656 940 1729 ejus

156 1752 340 1816 edacitatem;
361 1749 398 1805 cl.
419 1749 456 1838 fr,
482 1767 527 1822 19.

526 1889 571 1943 ¹9·

197 1992 379 2048 Herodianus
399 1993 442 2046 De
456 1988 523 2044 dict.
539 1990 615 2044 solit.
632 2006 663 2060 p.
680 1985 728 2057 38,
752 1984 768 2040 5
786 2007 792 2041 :
809 1983 848 2041 διὸ
863 1986 941 2059 μονῆ·

158 2102 198 2156 pec
215 2078 283 2136 κατὰ
304 2076 347 2136 τθν
366 2076 438 2136 τόνον
457 2074 542 2155 φαμὲν
569 2065 634 2132 εἶναι
653 2073 717 2131 αὐτό
732 2073 871 2150 idumaei·
894 2076 941 2131 οὐκ

158 2169 243 2242 ἀγνοῶ
263 2165 307 2236 di,
322 2168 356 2231 ώς
377 2164 423 2222 καὶ
437 2164 529 2222 ὀστοῦν
548 2163 667 2240 λέγεται,
683 2166 718 2229 ώς
729 2161 801 2241 παρὰ
820 2160 941 2241 Κρατίνῳ

158 2257 184 2313 ἓν
204 2257 241 2314 ll.

206 2380 282 2449 Ahl’
301 2377 370 2449 nidi
391 2383 523 2475 λάχανον
542 2376 628 2447 οὐδὲν
644 2375 708 2447 οὐδ’
729 2386 835 2446 ὀστοῦν
848 2381 892 2445 ἔτι

207 2495 278 2581 ὁρῶ.
447 2500 452 2507 ’

158 2632 254 2688 Codex
270 2628 327 2687 atat
348 2627 402 2686 οὐδ’
416 2630 472 2688 dec.
492 2627 562 2699 ἔστι,
578 2648 640 2703 quae
652 2630 775 2684 correxit
786 2629 920 2687 Dindorl.

529 2761 576 2797 20.

199 2857 292 2929 Erym.
316 2855 355 2908 Μ.
378 2873 411 2927 p.
436 2854 504 2927 267,
531 2855 565 2908 18
594 2873 600 2907 :
627 2855 719 2916 καῦνος
737 2848 788 2929 γθρ
807 2848 944 2925 λέγεταιθ

158 2942 264 3019 κλῆρος.
281 2943 334 3017 Κρ.
350 2943 388 2999 Π.
410 2967 421 2991 υ
438 2938 501 2999 ‘Ant
516 2938 641 3019 προτέρου
659 2936 704 2995 τὸν
725 2942 818 2995 καῦνον
832 2936 944 3015 ἀριθμή·

160 3050 231 3093 σεις·
254 3057 266 3080 ι
291 3028 336 3085 καί
357 3027 425 3105 ἐγὼ,
450 3030 485 3093 ώς
510 3025 631 3085 Καυνίων
653 3024 768 3101 μάλιστα
788 3024 942 3103 χρωμένων.

162 3118 260 3172 Schol.
283 3117 429 3192 Aristoph.
454 3114 522 3172 Pac.
553 3115 640 3182 1801,
665 3112 875 3170 διακαυνιάσαι
900 3112 945 3169 καί

162 3204 213 3279 Κρ.
234 3205 269 3261 Π.
295 3228 307 3252 ι
330 3200 395 3259 ’aaa
418 3200 543 3280 προτέρου
569 3198 612 3256 τὸν
637 3202 730 3256 καῦνον
751 3197 941 3277 άριθμήσεις..

159 3288 273 3357 Ἄλλως·
285 3288 343 3347 ἀντὶ
351 3293 398 3347 τοῦ
409 3290 576 3366 κληρωθῆναι
587 3289 623 3353 tte
632 3289 684 3344 τῶν
694 3286 817 3345 Καυνίων
829 3287 945 3361 μάλιστα

161 3377 317 3457 χρωμένων,
340 3379 375 3444 ώς
396 3376 441 3435 καί
460 3375 604 3454 σιρνιάζειν,
629 3373 674 3432 καί
694 3374 806 3452 χιάζιιν.
828 3379 945 3449 Depra-

159 3480 223 3524 vata
235 3469 294 3522 baec
312 3479 341 3523 et
359 3467 496 3539 disjecta,
517 3484 579 3539 quae
596 3466 635 3520 sic
653 3466 719 3519 olim
733 3464 865 3520 habuisse
887 3483 943 3519 sus·

159 3558 243 3629 picor
259 3574 267 3613 t
287 3558 378 3628 Etym.
393 3557 432 3609 Μ.
457 3555 596 3616 Καῦνος...
611 3552 719 3628 κλῆρος,
743 3550 865 3609 Καυνίων
878 3551 944 3628 μάλ.

160 3640 303 3722 χρωμένων
317 3644 364 3720 (h.
385 3664 409 3701 e.
425 3664 460 3701 eo
482 3662 563 3700 sensu
578 3641 692 3700 Cauniis
703 3642 824 3700 maxime
839 3644 943 3700 utenti-

162 3737 214 3791 bus
228 3735 369 3790 vocabulo
384 3732 504 3809 καῦνος).
523 3734 573 3810 Κρ.
598 3733 636 3790 ll.

211 3854 270 3925 Lari
286 3861 402 3951 ποτέρῳ
416 3859 469 3924 τὸν
491 3866 597 3922 καῢνον
616 3856 789 3947 άριθμάσεις
803 3863 921 3941 καλῶς,

162 3993 279 4073 Ποτέρου
293 3998 323 4052 in
343 3990 467 4052 mentem
485 4003 601 4049 venerat
619 3994 762 4049 hleinelxio
779 4011 839 4048 non
855 3995 945 4067 expli·

164 4096 226 4141 eata
243 4086 391 4142 sententia.
409 4082 549 4156 Equidem
568 4082 616 4136 bic
631 4082 677 4156 agi
690 4093 762 4156 puto
782 4080 887 4139 Cratini
902 4083 947 4137 di-

161 4176 285 4229 vortium
298 4193 363 4229 oum
375 4170 523 4230 Comoedia
536 4188 646 4240 uxore,
663 4189 725 4243 quae
738 4170 898 4244 quaesiverit
913 4190 947 4227 ex

159 4261 257 4332 judice
271 4264 363 4317 electo
378 4263 451 4316 inter
463 4260 632 4329 familiares,
648 4260 707 4313 utri
722 4270 790 4313 tunc
805 4261 896 4333 parti,
909 4262 947 4315 si-

162 4350 227 4405 bine
240 4368 275 4404 an
287 4351 418 4418 Cratino,
433 4358 511 4403 recte
522 4346 777 4416 adnumeraturus,
792 4347 813 4403 i.
825 4365 851 4402 e.
864 4346 947 4417 adju-

162 4436 319 4508 dicaturus,
339 4440 375 4493 sit
386 4437 589 4512 possessionem
601 4435 746 4489 bonorum
758 4435 851 4489 adhuc
866 4455 946 4490 com-

162 4528 299 4581 munium.
327 4528 497 4600 importuna
514 4526 567 4578 ista
582 4521 627 4578 καί
640 4520 707 4599 ἐγὼ,
723 4521 757 4586 a<
770 4534 833 4578 orta
846 4525 948 4579 riden-

164 4624 210 4667 tur
230 4615 283 4668 hac
305 4615 481 4669 successione
502 4611 673 4666 mendorum
691 4611 789 4680 καιῶς,
802 4607 876 4684 κάγώ
896 4612 947 4680 ὡς,

163 4699 209 4757 καί
222 4698 273 4777 ἐγώ
286 4703 329 4766 ὡς.
345 4703 479 4758 Similiter
499 4702 531 4755 in
551 4700 660 4754 scholio
682 4699 888 4754 restituendum
907 4710 949 4753 cst

162 4790 249 4854 καλῶς
262 4810 317 4866 pro
334 4792 431 4865 inepto
447 4786 541 4850 ἄλλως.
556 4788 694 4843 Praeterea
708 4788 867 4842 scribamus
879 4787 948 4859 jun-

162 4880 214 4933 ctis
230 4878 385 4955 jungendis
396 4873 579 4933 διακαυνιάσαι
597 4895 603 4929 :
622 4872 679 4931 ἀντὶ
693 4877 737 4931 τοῦ
753 4874 829 4952 κληρ.
847 4876 882 4938 ὡς
896 4875 947 4930 τῶν

165 4968 199 5025 Κ.
218 4976 253 5041 μ.
269 4988 315 5045 χρ.
392 4964 509 5042 χιάζιιν,
532 4966 561 5018 in
585 4963 691 5037 quibus
715 4964 789 5018 bene
812 4964 945 5019 Fritzsch.

163 5075 193 5128 p.
212 5062 281 5130 294,
300 5052 400 5131 χιάζειν
411 5072 466 5127 pro
480 5050 586 5130 βιάζειν.
602 5054 645 5107 De
658 5050 772 5111 Cauniis
783 5051 947 5107 Herodotus

167 5163 192 5213 1,
210 5163 277 5217 172,
292 5143 395 5199 Strabo
414 5148 460 5209 14,
474 5160 503 5216 p.
523 5140 593 5214 964,
615 5139 651 5196 Α.

532 5271 579 5306 nr.

203 5365 370 5422 Plutarchus
382 5365 438 5419 Vit.
454 5363 517 5419 dec.
531 5371 616 5418 oratt.
634 5381 663 5436 p.
681 5361 750 5427 833,
767 5363 803 5428 A,
817 5360 853 5414 de
864 5362 946 5414 Anti-

988 1654 1086 1735 ἕτερος,
1107 1655 1284 1715 Λυσιδωνίδου
1306 1653 1417 1735 πατρὸς,
1432 1644 1461 1711 οὗ
1475 1658 1526 1735 Κρ.
1541 1657 1567 1713 ἐν
1582 1658 1621 1716 Π.
1638 1659 1674 1724 a<
1688 1681 1771 1729 πονη-

989 1749 1034 1822 poi
1048 1743 1217 1820 μνημονεύει.
1239 1747 1310 1800 «lta
1323 1747 1382 1799 baec
1403 1746 1514 1819 scripsit
1535 1749 1671 1820 Taylorus
1690 1752 1769 1805 Lect.

988 1836 1055 1906 Lys.
1073 1833 1151 1908 apud
1167 1832 1314 1889 Reislxium
1340 1852 1368 1901 7,
1392 1851 1423 1906 p.
1448 1833 1516 1902 273.
1539 1833 1669 1889 Eundem
1688 1838 1771 1890 Anti-

987 1921 1141 1995 phontem,
1156 1920 1336 1994 Lysidouidis
1348 1918 1449 1987 filium,
1469 1922 1560 1977 riserit
1573 1923 1773 1996 Aristophanes

989 2011 1072 2083 Vesp.
1097 2009 1181 2063 1301.
1205 2007 1412 2081 Antiphontem
1432 2024 1448 2062 a
1473 2009 1668 2083 Triginlaviris
1687 2030 1771 2066 neca·

988 2107 1048 2150 turn
1061 2096 1356 2152 commemoraretiam
1367 2096 1532 2168 Xenophon
1542 2099 1617 2156 llell.
1634 2117 1661 2163 ο,
1676 2098 1705 2168 3,
1719 2106 1771 2167 4ος

988 2203 1073 2258 quem
1096 2184 1219 2239 eundem
1233 2202 1291 2238 csse
1310 2201 1343 2238 ac
1364 2194 1494 2239 notatum
1514 2186 1599 2241 istum
1619 2205 1634 2242 a
1657 2187 1771 2243 Cratino

990 2269 1110 2341 Πυτίνη.
1127 2272 1213 2327 tradit
1225 2271 1400 2329 Plutarchus.
1420 2296 1432 2321 ι
1448 2274 1491 2327 Μ.

1355 2417 1402 2456 22.

1030 2529 1127 2585 Schol.
1158 2529 1284 2585 Platonis
1307 2528 1428 2583 bekker.
1454 2547 1484 2602 p.
1502 2528 1575 2597 331,
1601 2530 1636 2585 de
1663 2529 1773 2586 Chaere·

989 2616 1118 2690 phonte:
1139 2613 1255 2679 Εὔπολις
1268 2611 1315 2687 μὲν
1330 2604 1374 2670 oh
1395 2614 1422 2670 ἐν
1438 2612 1538 2673 Πόλεσι
1554 2613 1597 2671 διὰ
1610 2612 1658 2684 τὴν
1679 2614 1773 2693 χροιάν

991 2698 1096 2769 πύξινον
1123 2701 1202 2760 αὐτὸν
1233 2704 1323 2772 καλεῖ,
1348 2699 1536 2781 Ἀριστοφάνης
1553 2701 1587 2759 ’δ’
1616 2705 1642 2761 ἐν
1669 2700 1774 2779 Ὄρνισι

993 2791 1104 2866 (1296)
1117 2788 1268 2868 νυκτερίδα·
1280 2791 1307 2846 ἐν
1320 2787 1347 2845 δὲ
1365 2791 1567 2865 Τελμησσεῦσιν
1584 2790 1701 2870 (fragm.
1719 2792 1752 2849 15
1765 2793 1775 2866 l

992 2879 1028 2944 ώς
1050 2877 1266 2957 συκοφάντην
1290 2875 1477 2951 ἀποσκώπτει,
1503 2876 1578 2953 (καί)
1604 2881 1657 2955 Κρ.
1677 2880 1714 2937 ll.
1739 2881 1774 2943 ὡς

992 2965 1166 3045 αὐχμηρὸν
1188 2964 1233 3023 καί
1252 2962 1392 3034 πένητα.
1409 2967 1487 3021 Libri
1507 2966 1543 3030 εἷς
1561 2986 1654 3045 συκορ.
1675 2968 1725 3025 ἀπ.
1746 2979 1775 3022 et

993 3056 1030 3119 εἰς
1049 3055 1147 3131 αθχμ,
1170 3054 1206 3111 de
1229 3072 1288 3129 quo
1311 3053 1417 3108 mendo
1444 3053 1567 3108 diximus
1592 3054 1628 3109 ad
1655 3056 1777 3128 AEschyli

993 3146 1070 3208 Pers.
1095 3141 1170 3213 536,
1190 3160 1242 3198 aec
1260 3141 1423 3196 dubitamus
1438 3143 1507 3215 quin
1529 3144 1614 3197 etiarn
1632 3143 1717 3198 schol
1740 3143 1776 3197 ad

993 3232 1118 3287 Platonis
1141 3231 1226 3304 Apol.
1248 3231 1329 3288 Socr.
1352 3247 1382 3302 p.
1405 3229 1473 3298 330,
1493 3231 1635 3304 scripserit
1654 3227 1711 3285 ἐπεὶ
1730 3229 1776 3286 καὶ

992 3316 1145 3398 Ἄρχιππος
1160 3315 1273 3395 Ἰχθύσιν
1287 3316 1321 3381 b<
1334 3314 1403 3394 (pro
1420 3316 1470 3392 οἷς)
1486 3314 1584 3373 σκυτέα
1602 3315 1679 3373 αὐτὸν
1703 3312 1775 3373 σκώ-

992 3427 1063 3463 πτει.
1084 3408 1176 3461 Etiam
1197 3398 1381 3461 ἀποσκώπτειν
1398 3422 1458 3459 non
1477 3406 1594 3459 mernini
1617 3423 1662 3460 me
1682 3406 1777 3480 legere

993 3494 1073 3569 apud
1088 3496 1261 3568 scriptores,
1280 3490 1330 3547 sed
1344 3488 1518 3548 ἐπισκώπτειν
1541 3510 1606 3548 curn
1621 3494 1705 3564 alias,
1717 3504 1776 3547 tum

993 3583 1073 3659 apud
1092 3583 1314 3659 Xenophontem
1336 3580 1521 3656 Cyropaedia‚
1542 3582 1777 3639 Memorabilibus

993 3676 1092 3742 Socr.,
1112 3674 1263 3730 Convivio.
1292 3674 1385 3744 Quare
1411 3672 1508 3727 malim
1538 3671 1707 3732 ἐπισκώπτει.
1733 3675 1775 3730 Cf.

994 3763 1094 3836 fragm.
1109 3779 1156 3819 20.

1364 3888 1410 3944 23.

1035 4026 1115 4082 Idem
1128 4024 1217 4080 schol.
1235 4042 1266 4097 p.
1283 4021 1351 4079 332:
1369 4018 1463 4080 Λύκων
1476 4018 1566 4096 μέντοι
1579 4019 1668 4099 πατὴρ
1678 4010 1709 4091 ἦν
1722 4022 1778 4079 At-

994 4112 1117 4184 τολύκου,
1129 4109 1192 4171 Ὶων
1206 4108 1288 4186 γένος,
1301 4108 1390 4184 δήμων
1400 4109 1538 4189 Θορίκιος,
1547 4106 1663 4180 πίνης,
1677 4111 1712 4175 ώς
1723 4112 1774 4188 Κρ.

997 4204 1045 4275 Π.,
1058 4198 1241 4281 Ἀριστοφάνης
1258 4196 1357 4277 Σρηξίν
1372 4197 1487 4274 (1301).
1501 4200 1543 4257 cf.
1558 4202 1644 4255 etiam
1658 4202 1775 4272 Lysistr.

996 4288 1063 4346 265.
1091 4289 1133 4345 De
1158 4289 1290 4361 Lycone,
1318 4299 1418 4362 postea
1449 4288 1574 4343 Socratis
1600 4299 1777 4356 accusatore,

994 4397 1023 4434 v.
1047 4375 1213 4433 Schneider.
1240 4375 1320 4449 prael.
1345 4375 1483 4449 Xenoph.
1508 4376 1601 4432 Anab.
1623 4396 1654 4449 p.
1679 4376 1727 4444 32,
1750 4388 1779 4431 et

995 4466 1081 4520 Mein.
1099 4465 1170 4518 Hist.
1187 4463 1250 4521 crit.
1272 4463 1353 4519 Com.
1369 4481 1400 4536 p.
1420 4482 1485 4532 117,
1505 4464 1555 4535 qui
1572 4460 1678 4517 ibidem
1694 4466 1778 4519 etiam

996 4552 1032 4606 de
1057 4552 1199 4622 Autolyco
1221 4568 1328 4623 puero,
1357 4551 1488 4622 corporis
1514 4562 1659 4605 venustate
1681 4552 1778 4626 claro,

994 4640 1136 4712 exposuit.
1150 4639 1279 4693 Fortasse
1293 4637 1381 4691 satius
1393 4647 1449 4703 cst,
1460 4647 1604 4709 postrema
1619 4639 1724 4692 horum
1737 4640 1778 4693 ita

994 4728 1137 4781 scribi-
1158 4728 1192 4789 ὡς
1210 4725 1262 4800 Κρ.
1286 4722 1398 4801 Πυτίνῃ.
1423 4721 1521 4800 Ἀριστ.
1545 4721 1655 4802 Σφηξίν.
1678 4728 1778 4799 Neque

996 4817 1072 4870 cuim
1093 4814 1296 4888 Aristophanes
1315 4831 1432 4886 quoque
1454 4815 1599 4886 Lyconem
1618 4812 1692 4868 dixit
1711 4833 1780 4888 pau·

995 4904 1210 4979 percm,immo
1229 4913 1324 4976 potest
1342 4913 1374 4956 ut
1386 4902 1472 4957 verba
1489 4900 1544 4980 Ἀρ.
1561 4902 1614 4980 Σρ.
1636 4902 1779 4977 adscripta

993 4996 1051 5048 sint
1069 4992 1264 5065 superioribus
1285 4992 1321 5046 ab
1340 4987 1396 5046 alio
1416 4989 1558 5064 quodam,
1579 4995 1629 5066 qui
1643 4993 1699 5048 hoc
1715 5005 1779 5048 tan-

995 5082 1144 5138 tummodo
1165 5079 1322 5155 significare
1336 5082 1436 5155 vellet,
1450 5082 1535 5135 etiarn
1553 5083 1611 5137 illic
1625 5082 1702 5157 apud
1721 5082 1778 5140 Co·
1883 5087 1884 5090 ’

993 5172 1100 5227 micum
1111 5172 1287 5225 mentionem
1303 5167 1365 5223 fieri
1374 5171 1505 5242 Lyconis.

1365 5315 1412 5373 24.

163 5452 486 5526 phontehhamnusio:
512 5449 535 5506 οἱ
549 5446 576 5504 δὲ
591 5445 640 5502 ὑπὸ
655 5449 706 5503 τῶν
719 5445 870 5525 Τριάκοντα
884 5446 947 5522 σἰνῃ-
1034 5440 1196 5509 Polluxro,
1216 5439 1252 5495 58
1268 5460 1274 5494 :
1291 5437 1343 5495 θδὲ
1358 5436 1464 5516 ἐνώντῇ
1480 5434 1620 5512 πινακίδι(
1634 5436 1729 5490 tabula
1741 5436 1779 5490 ad

165 5542 258 5615 ρῆσθαι
270 5535 348 5596 αὐτὸν
364 5538 524 5615 ἱστοροῦσιν,
544 5538 579 5599 ώς
597 5532 696 5598 Λυσίας
709 5536 735 5590 ἐν
756 5536 794 5613 τδρ
815 5531 881 5609 ὑπὲρ
902 5536 948 5602 τῆς
994 5529 1195 5598 scribendum,
1211 5528 1360 5601 pugillari)
1383 5524 1477 5602 κηρὸς,
1491 5523 1508 5593 ἢ
1522 5523 1628 5598 μάλθη,
1643 5520 1660 5592 ἢ
1676 5520 1777 5597 μάλθα.

165 5625 333 5705 Ἀντιφῶντος
353 5622 480 5701 θυγατρὸς
493 5621 579 5701 λόγῳ·
596 5620 697 5699 ἐγένετο
709 5619 761 5699 γθιρ
776 5622 847 5700 αὐτῷ
869 5620 947 5696 θυγά·
995 5615 1135 5692 Ἡρόδοτος
1151 5613 1198 5689 μὲν
1217 5612 1268 5691 γάρ
1282 5614 1362 5692 κηρὸν
1378 5613 1465 5691 εἴρηκε
1478 5616 1523 5688 (7,
1539 5612 1626 5686 139),
1639 5612 1686 5688 Κρ.
1709 5608 1736 5667 δὲ
1752 5611 1778 5668 ἐν

165 5735 243 5791 τριον,
262 5702 291 5770 oi
311 5710 497 5790 Κάλλαισχρος
511 5708 695 5768 ἐπεδικάσατο.
717 5706 757 5765 δτι
777 5708 803 5765 δὲ
826 5706 876 5765 ὑπὸ
897 5710 948 5765 τῶν
994 5707 1076 5782 ciiii.
1093 5703 1223 5779 μάλθην
1240 5703 1301 5782 ἔρη.

165 5800 315 5878 Τριάκοντα
326 5798 463 5869 ἀπέθανεν,
469 5801 566 5877 ἱστορεῖ
577 5795 622 5854 καί
634 5795 794 5869 Θεόπομπος
804 5798 831 5853 ἐν
842 5799 873 5873 τῇ
884 5817 949 5852 πεν-
1034 5797 1077 5850 De
1098 5795 1159 5849 aliis
1179 5794 1356 5866 lx'agurentis,
1373 5809 1435 5862 quae
1448 5790 1484 5844 ad
1499 5790 1619 5862 Pytinen
1636 5788 1779 5862 pertinere

164 5886 336 5964 τεκαιδικάτη
352 5890 404 5944 τῶν
428 5889 613 5946 Φιλιππικῶν.
638 5884 698 5942 ἀλλ’
721 5875 793 5949 οὗτός
812 5907 843 5962 γε
861 5882 891 5941 ἂν
907 5881 948 5954 εἴη

536 6144 579 6194 19.

167 6234 200 6283 At
214 6244 303 6301 neque
312 6229 373 6284 olus
382 6226 471 6283 ullum
484 6241 572 6298 neque
584 6241 614 6281 os
628 6225 748 6297 amplius

165 6313 253 6371 rideo.

995 5884 1140 5952 videntur,
1154 5901 1180 5938 v.
1193 5881 1299 5937 lncert.
1316 5887 1382 5953 140,
1399 5877 1464 5947 157,
1482 5875 1547 5935 158.

1547 6036 1771 6047 ——u-—a

1368 6136 1410 6185 20.

996 6224 1059 6279 Utri
1075 6222 1144 6277 houa
1158 6221 1207 6276 rite
1219 6218 1408 6292 adjudicabis?
