4084 8009
407 1545 522 1596 52⁴

600 1703 697 1712 —
728 1667 935 1739 Οὕτως
963 1655 1022 1726 δ’
1059 1659 1363 1750 ὀψοποιεῖν
1394 1664 1615 1750 εὐφυῶς

503 1769 636 1862 περὶ
662 1772 774 1842 τὴν
805 1768 1089 1833 Σικελίαν
1119 1766 1302 1841 αὐτὸς
1330 1765 1576 1856 ἔμαθον,
1611 1768 1769 1830 ὥστε
1800 1762 1935 1840 τοὺς

505 1866 890 1949 δειπνοῦντας
921 1872 1004 1947 εἰς
1030 1869 1109 1938 τὰ
1137 1867 1380 1937 πατάνι’
1417 1864 1708 1960 ἐμὸαλεῖν
1748 1877 1904 1934 ποιῶ
2010 1916 2011 1924 1

508 1978 688 2045 ε’νίοτε
714 1979 845 2054 τοὺς
877 1968 1126 2054 ὀδόντας
1157 1976 1277 2042 ὑπὸ
1305 1985 1413 2053 τῆς
1439 1968 1682 2051 ἡδονῆς.

409 2108 581 2181 Apud
635 2108 966 2163 Athena-um
1014 2104 1248 2181 quidem
1291 2105 1501 2178 reliqui
1561 2099 1835 2180 βατάνιον,
1883 2099 1983 2157 sed

412 2196 583 2269 ipsius
595 2204 776 2267 poetae
795 2212 958 2249 versu
971 2192 1002 2248 3
1023 2203 1338 2266 temperare
1357 2192 1497 2246 mihi
1512 2190 1828 2266 nonpotui,
1846 2190 1983 2262 quin

411 2300 444 2336 e
473 2282 703 2337 Polluce
741 2300 832 2350 10,
884 2299 1012 2350 107,
1043 2281 1211 2335 unice
1239 2297 1437 2334 verum
1467 2276 1696 2335 πατάνια
1734 2294 1983 2332 arcesse-

411 2379 572 2428 rem':
602 2387 738 2425 nam
776 2370 1028 2426 Athenaei
1066 2367 1240 2424 codd.
1273 2369 1446 2423 etiam
1474 2370 1533 2425 h.
1565 2370 1604 2423 l.
1636 2367 1751 2422 fere
1773 2366 1987 2424 habent

415 2455 696 2534 βατᾶνεια,
725 2468 781 2512 et
809 2456 943 2512 edd.
972 2453 1200 2533 βατάνι’.
1232 2458 1410 2512 Versu
1432 2475 1464 2511 2
1491 2453 1748 2528 librarii,
1771 2457 1989 2532 pariter

414 2547 559 2621 lapsi
598 2558 771 2619 atque
800 2543 1008 2620 Ἀπεγλ.
1050 2545 1118 2601 fr.
1146 2563 1206 2613 a,
1251 2550 1283 2609 4
1328 2587 1339 2598 .
1372 2547 1563 2604 scribe
1588 2544 1707 2622 περὶ
1741 2543 1988 2604 Σικελίαν

417 2631 540 2712 (ἂν)
571 2631 723 2698 αὐτὸς
757 2644 864 2689 ete.
904 2635 973 2690 V.
1012 2632 1044 2687 3
1069 2633 1148 2688 sic
1188 2634 1598 2709 Jungermann.
1632 2634 1795 2692 Libri
1826 2629 1986 2690 ἐκδα-

413 2722 559 2798 λεῗν,
584 2744 618 2778 κ
641 2733 698 2778 et
723 2744 763 2796 μ
791 2721 1069 2794 confusis,
1101 2733 1167 2779 ut
1203 2723 1361 2798 apud
1396 2723 1687 2780 Cratinum
1722 2720 1983 2778 Cleobul.

418 2810 675 2878 4.Verba
696 2809 832 2869 inde
866 2812 939 2868 ab
963 2808 1098 2869 ὥστε
1131 2832 1188 2866 v.
1220 2830 1257 2867 α
1289 2812 1380 2867 Al.
1404 2812 1602 2886 paucis
1621 2811 1852 2866 mutatis
1878 2810 1990 2865 ite-

415 2919 545 2957 rum
571 2902 763 2977 posuit
785 2902 845 2955 in
872 2902 1140 2970 Crateua,
1179 2896 1344 2971 cnjus
1369 2919 1427 2954 v.
1457 2899 1529 2956 fr.
1566 2918 1620 2972 1,
1647 2918 1704 2956 v.
1743 2895 1946 2952 21·23.

716 3045 876 3108 xvi.
922 3044 1692 3106 ΑΣΩΤΟΔΙΔΑΣΚΑΛΟΣ.

498 3196 703 3253 Athen.
731 3193 784 3264 8,
805 3213 865 3268 p.
897 3192 1032 3262 336,
1055 3196 1108 3249 D
1137 3212 1149 3247 ι
1173 3189 1293 3249 Ἀλ.
1319 3191 1364 3247 δ’
1387 3190 1440 3247 ἐν
1466 3185 1993 3265 Ἀσωτοδιδασκάλῳ,

420 3279 548 3360 φησὶ
579 3278 793 3338 Σωτίων
811 3281 840 3335 ὃ
862 3275 1252 3357 Ἀλεξανδρεὺς,
1278 3278 1332 3334 ἓν
1354 3284 1460 3339 τοῖς
1481 3274 1600 3354 περὶ
1621 3277 1725 3333 τῶν
1753 3272 1994 3349 Τίμωνος

423 3368 651 3438 Σίλλων,
674 3365 778 3445 ἐγὼ
805 3365 908 3444 γὰρ
937 3368 1030 3423 οὐκ
1056 3364 1335 3436 ἀπήντησα
1362 3367 1436 3443 τῷ
1455 3363 1686 3443 δράματι
1713 3363 1992 3439 (pruden-

422 3468 508 3512 ter
538 3457 671 3512 fecit
709 3456 920 3512 Athen.
972 3465 1286 3530 propterea
1332 3452 1503 3509 iidem
1546 3471 1667 3508 non
1715 3452 1996 3526 abrogans

419 3544 664 3614 Sotioni,
687 3560 864 3616 quum
889 3542 1053 3597 facile
1076 3542 1361 3615 potuerit,
1384 3551 1447 3596 ut
1477 3540 1655 3598 Graeci
1677 3549 1861 3614 poetae
1885 3538 1994 3594 fer·

422 3632 661 3687 tilissimi
693 3648 839 3705 opus
867 3629 1158 3704 quoddam
1188 3630 1248 3683 in
1280 3629 1592 3704 AEgyptum
1621 3626 1994 3696 venderetur,

423 3719 623 3774 relicto
666 3716 830 3774 nullo
870 3717 950 3772 eis
977 3734 1134 3772 mare
1174 3716 1578 3792 apographo)·
1623 3715 1651 3770 ὁ
1688 3712 1743 3770 δὲ
1779 3710 1996 3771 Σωτίων

423 3804 602 3883 φησὶν,
643 3806 695 3863 ἐν
724 3805 799 3883 τῷ
836 3801 1067 3881 δράματι
1097 3803 1334 3861 Ξανθίαν
1370 3801 1487 3859 τινὰ
1526 3800 1729 3870 οἰκέτην
1767 3804 1998 3872 πεποιῆ-

424 3896 546 3949 σθαι
572 3889 990 3972 προτρεπόμενον
1016 3890 1102 3951 tut
1129 3889 1451 3963 ἡδυπάθειαν
1473 3887 1786 3967 ὁμοδούλους
1810 3891 1996 3950 ἑαυτοῦ

424 3979 512 4040 καὶ
540 3977 759 4059 λέγοντα
1172 4004 1180 4012 ·

569 4098 646 4166 Τί
673 4109 869 4166 ταῦτα
903 4105 1104 4191 ληρεῖς
1125 4148 1144 4184 ,
1178 4106 1504 4190 φληναφῶν
1539 4093 1663 4163 ἄνω
1695 4095 1870 4163 κοὶτω

572 4207 843 4287 Λύκειον,
881 4196 1303 4296 Ᾰκαδῆμειαν,
1336 4197 1602 4290 Ωιδεῖον,
1629 4206 1828 4280 Πύλας
1849 4252 1868 4285 ,

569 4313 780 4401 λη’ρους
809 4320 1143 4400 σοφιστῶν;
1179 4300 1318 4375 οὐδὲ
1354 4306 1415 4373 ἓν
1446 4310 1671 4375 τούτων
1702 4308 1916 4376 καλόν.

573 4414 880 4506 Πίνωμεν,
908 4415 1248 4507 ἐμπίνωμεν
1270 4411 1514 4506 (ἠμένω
1532 4409 1589 4504 ),
1622 4413 1851 4496 Σίκων,

432 4517 471 4585 5
571 4520 904 4611 χαίρωμεν,
937 4524 1044 4596 ἕως
1068 4521 1255 4586 ἔνεστι
1284 4525 1396 4593 τὴν
1425 4516 1620 4611 ψυχὴν
1644 4513 1915 4609 τρέφεινῖ

571 4620 858 4716 τύρῧαζε,
903 4620 1117 4699 Μανῆἒ
1145 4626 1404 4717 γαστρὸς
1437 4616 1606 4690 οὐδὲν
1626 4617 1819 4696 ἥδιον·

574 4734 723 4803 αὕτη
750 4736 948 4819 παττῖρ
971 4756 1063 4795 σοι
1097 4729 1200 4795 καὶ
1233 4736 1420 4794 πάλιν
1456 4734 1653 4819 μήτηρ
1702 4728 1847 4818 μόνη
1876 4752 1890 4766 ·

576 4941 795 5030 κόμποι
823 4940 979 5006 κενοὶ
1009 4940 1291 5031 ψοφοῦσιν
1321 4936 1458 5005 ἀντ’
1494 4940 1834 5031 ὀνειράτων·

447 5067 525 5110 ιο
577 5042 737 5132 ψύξει
767 5041 822 5110 σ’
858 5050 889 5110 ὀ
922 5040 1154 5134 δαίμων
1182 5054 1269 5129 τῷ
1298 5047 1676 5136 πεπρωμένῳ
1712 5044 1906 5134 χρόνῳ
1929 5094 1946 5128 ,

578 5144 728 5225 ἔξεις
757 5144 808 5213 θ’
844 5152 933 5214 ὅσ’
965 5144 1035 5213 ἂν
1069 5148 1261 5240 φάγῃς
1293 5175 1362 5215 τε
1394 5148 1502 5214 καὶ
1533 5150 1674 5240 πίῃς
1698 5149 1886 5240 μόνα·

577 5247 800 5332 σποδὸς
819 5248 887 5320 δὲ
917 5251 1123 5321 τᾶλλα
1142 5304 1160 5338 ,
1188 5254 1520 5345 Περικλέης
1538 5308 1554 5339 ,
1577 5250 1816 5347 Κόδρος
1841 5305 1857 5339 ,
1880 5253 2000 5320 Κί-
2050 5310 2052 5319 .

2045 5321 2049 5396 Ι
2096 5327 2477 5370 contemnem.
2515 5338 2538 5362 α
2565 5317 2650 5369 De
2675 5313 2837 5369 Odeo
2863 5332 2891 5367 a
2917 5314 3274 5388 philosophis
3303 5314 3670 5387 frequentato

2048 5395 2054 5515 Ι
2093 5403 2207 5457 vid.
2235 5401 2525 5457 Plutarch.
2559 5405 2643 5457 De
2675 5402 2871 5456 exsilio
2902 5420 2951 5456 c.
3000 5409 3089 5469 14,
3124 5411 3180 5455 et
3204 5402 3367 5473 Diog.
3395 5402 3570 5455 Laert
3636 5422 3666 5470 7

1854 5389 1979 5452 μων
1987 5415 1999 5428 .

435 5515 457 5538 ι
488 5490 658 5561 Quod
687 5490 830 5546 dicit
855 5490 1080 5560 Athen„
1109 5508 1166 5545 se
1192 5475 1304 5546 hoc
1351 5491 1544 5546 drama
1586 5493 1811 5546 nonnisi
1844 5491 2002 5565 apud

453 5607 585 5616 .—

931 5658 1508 5716 ASCLEPIOCLIDA.

508 5776 570 5785 —
602 5749 738 5802 Tam
763 5754 888 5820 apte
908 5754 1093 5804 autem
1115 5762 1381 5819 opsonare

437 5830 581 5884 eirca
608 5830 845 5888 Siciliam
867 5831 981 5904 ipse
999 5832 1195 5902 didici,
1224 5842 1287 5891 ut

441 5917 782 5975 convivantes
801 5919 1076 5977 interdum
1100 5920 1310 5993 patellis
1329 5920 1520 5977 dentes

441 6002 658 6073 injicere
679 6002 874 6060 faciam
907 6021 1016 6075 prae
1037 6006 1327 6078 voluptate.

825 6093 1202 6162 NEQUITIAE
1236 6093 1627 6150 MAGlSTER.

1447 1526 1719 1587 MEmAE
1761 1522 2175 1587 COMOEmAE
2215 1524 2632 1597 BELlQUlAE.

1990 1735 1998 1743 ι
2068 1656 2358 1712 Sotionem
2378 1657 2687 1725 invenisse,
2710 1653 2988 1728 ejusmodi
3016 1664 3117 1725 est,
3146 1666 3211 1710 ut
3235 1654 3672 1711 dubitationem

2072 1743 2146 1799 de
2173 1740 2478 1819 γνησιότητι
2516 1742 2635 1815 ejus
2672 1760 2908 1798 movere
2943 1752 3165 1818 posset,
3206 1743 3322 1797 nisi
3358 1741 3671 1817 frag-nemi

2072 1848 2140 1886 ea
2164 1840 2309 1887 esset
2330 1830 2581 1902 indoles,
2607 1842 2674 1885 ut
2701 1830 2941 1887 Alexide
2961 1847 3328 1904 nequaqnam
3353 1830 3668 1906 indignum

2075 1918 2356 1993 videatur,
2390 1920 2646 1991 quamvis
2690 1919 3015 1974 Atticorum
3059 1937 3222 1974 usum
3261 1917 3569 1976 desideres
3605 1921 3666 1975 in

2072 2006 2260 2062 verbis
2285 2003 2559 2084 τυρὸάζειν
2600 2016 2657 2061 et
2698 2002 2907 2083 ψύχειν,
2953 2014 3009 2062 et
3051 2006 3113 2061 in
3138 2017 3417 2081 correpta
3471 2006 3666 2063 media

2072 2093 2230 2148 vocis
2274 2089 2420 2161 ἥδιον
2470 2092 2580 2162 (de
2609 2110 2726 2165 quo
2768 2093 2840 2147 cf.
2879 2092 3173 2166 Aristoph.
3209 2093 3475 2150 Acharn.
3507 2093 3622 2162 254
3645 2135 3663 2165 ,

2074 2181 2180 2236 Av.
2211 2179 2347 2251 738,
2371 2179 2528 2253 etc.).
2551 2180 2651 2235 His
2671 2182 3016 2255 argumentis
3030 2178 3312 2250 adducor,
3327 2190 3396 2235 ut
3409 2180 3665 2238 fabulam

2074 2285 2260 2340 neque
2296 2267 2589 2323 Alexidem
2612 2308 2631 2338 ,
2668 2285 2854 2341 neque
2885 2268 3061 2321 alium
3099 2267 3355 2322 Atticum
3390 2279 3667 2344 poetam,

2075 2364 2366 2414 auctorem
2386 2355 2643 2413 habuisse
2656 2366 2921 2416 statuam.
2940 2356 3300 2431 Quanquam,
3319 2355 3492 2428 quod
3515 2356 3670 2414 Gais-

2073 2444 2224 2504 ford.
2263 2444 2337 2501 ad
2359 2444 2678 2500 Marklandi
2707 2436 3001 2520 Supplices
3037 2464 3058 2501 ι
3077 2464 3178 2500 ιοι
3204 2443 3428 2516 scribit,
3450 2442 3662 2521 fngm.

2073 2533 2215 2588 illud
2258 2551 2291 2589 e
2330 2532 2788 2589 doctissimorum
2825 2534 3078 2589 virorum
3124 2534 3403 2589 sententia
3433 2534 3666 2590 Sotioni

2074 2622 2266 2696 potius
2313 2621 2680 2677 tribuendum
2728 2639 2875 2691 esse,
2927 2640 3199 2695 quorsum
3239 2632 3501 2696 spectet,
3544 2640 3667 2678 non

2075 2710 2305 2783 reperio
2340 2729 2353 2763 :
2381 2728 2514 2764 nam
2537 2706 2907 2764 Marklandus
2930 2708 3160 2783 quidem
3180 2752 3199 2781 ,
3230 2727 3405 2781 quem
3429 2709 3664 2780 laudat,

2078 2797 2151 2853 ad
2179 2797 2470 2872 Euripidis
2508 2798 2705 2871 Suppl.
2743 2816 2849 2868 127
2873 2838 2890 2866 ,
2936 2798 3179 2853 insciens
3218 2797 3388 2871 plane
3432 2798 3668 2855 Sotioni

2078 2885 2196 2939 haec
2221 2885 2450 2955 tribuit,
2485 2885 2738 2942 Athenaei
2766 2886 2953 2940 verbis
2982 2884 3255 2960 deceptus
3272 2925 3292 2958 ,
3324 2904 3457 2957 quae
3485 2886 3667 2961 paulo

2079 2970 2460 3048 negligentius
2478 2974 2817 3047 inspexerat.
2849 2998 2873 3022 ν
2901 2975 3035 3029 Haec
3063 2973 3233 3030 Mein.
3253 2972 3314 3027 in
3345 2974 3500 3030 Hist.
3535 2975 3664 3031 crit.

2077 3078 2141 3134 p.
2168 3059 2278 3133 397
2301 3078 2453 3134 seq.‚
2474 3071 2531 3116 et
2554 3058 2930 3116 confidentius
2953 3060 3124 3115 etiam
3156 3060 3216 3114 in
3242 3069 3444 3114 annot.
3472 3060 3592 3119 vol.
3629 3061 3662 3118 3

2079 3165 2140 3219 p.
2173 3146 2283 3221 395
2311 3167 2325 3202 z
2361 3172 2384 3197 α
2402 3150 2531 3203 Νοιι
2558 3146 2811 3203 Alexidis
2840 3148 2957 3203 liaec
2982 3165 3129 3217 esse,
3156 3147 3538 3202 certissimum
3558 3159 3663 3206 est.

2080 3238 2195 3311 Ipsi
2223 3237 2443 3293 Sotioni
2465 3246 2668 3312 praeter
2681 3236 3076 3292 Marklandum
3099 3236 3357 3291 tribuunt
3375 3236 3664 3292 Dobraeus

2082 3325 2319 3383 advers.
2368 3343 2423 3396 α,
2471 3344 2534 3398 p.
2579 3324 2715 3396 317,
2767 3336 2824 3380 et
2867 3326 3152 3381 Porsonus
3197 3324 3352 3400 apud
3395 3326 3660 3401 Walpol.

2081 3414 2243 3473 Com.
2266 3414 2432 3488 Gr.p.
2450 3413 2548 3486 88,
2570 3412 2732 3486 eujus
2758 3412 3101 3487 conjecturae
3117 3414 3171 3470 in
3198 3414 3449 3471 Athenaei
3473 3415 3666 3476 verbis

2081 3503 2221 3557 nihil
2268 3502 2536 3577 praesidii.
2593 3503 2844 3559 Similem
2881 3520 3110 3559 scenam
3153 3512 3668 3578 repraesentaverat

2081 3590 2283 3646 mediae
2311 3592 2399 3647 vel
2427 3609 2591 3646 novae
2620 3590 2913 3646 comoediae
2940 3600 3114 3663 poeta
3131 3631 3146 3660 ,
3169 3609 3286 3664 quo
3312 3592 3501 3646 utitur
3531 3591 3665 3646 Plu·

2084 3680 2314 3735 tarchus
2345 3682 2477 3736 Non
2504 3697 2662 3737 suav.
2696 3680 2815 3734 vivi
2842 3678 3156 3735 secundum
3180 3680 3344 3755 Epic.
3370 3698 3433 3755 p.
3472 3680 3627 3755 1098
3645 3721 3664 3749 ,

2083 3768 2126 3822 B
2159 3787 2173 3822 ε
2219 3764 2310 3823 καὶ
2350 3763 2451 3844 γὰρ
2479 3767 2528 3824 οἱ
2566 3764 2878 3845 θεράποντες
2918 3763 3041 3823 ὅταν
3082 3764 3277 3843 Κρόνια
3315 3767 3602 3824 δειπνῶσιν
3631 3765 3668 3839 ἣ

2084 3850 2330 3914 Διονύσια
2361 3856 2481 3912 κατ’
2507 3852 2662 3931 ἀγρὸν
2695 3851 2890 3931 ἄγωσι,
2914 3851 3225 3931 περιιόντες,
3250 3852 3344 3910 οὐκ
3377 3850 3443 3910 ἂν
3485 3854 3666 3911 αὐτῶν

2084 3939 2171 3999 τὸν
2208 3938 2497 4019 ὀλολυγμὸν
2528 3938 2830 4015 ὑπομείναις
2859 3937 2951 3997 καὶ
2985 3937 3072 3997 τὸν
3110 3937 3346 4018 θόρυὸον,
3384 3939 3493 3998 ὑπὸ
3525 3963 3668 4021 χαρ-

2045 4086 2049 4103 Ι
2089 4032 2247 4106 μονῆς
2274 4028 2365 4086 καὶ
2394 4026 2771 4108 ἀπειροκαλίας
2792 4031 3013 4086 τοιαῦτα
3041 4026 3346 4101 ποιούντων,
3379 4028 3475 4086 καὶ
3499 4034 3668 4109 φθεγ-

2045 4114 2049 4148 ¹
2086 4116 2319 4195 γομένων

2167 4229 2240 4290 Τί
2267 4221 2359 4287 καῖ
2386 4227 2555 4302 κάθῃ
2585 4226 2812 4304 πίωμεν.
2844 4228 2927 4289 Οὖ
2950 4226 3042 4287 καὶ
3065 4226 3206 4287 σίτια

2168 4315 2454 4396 πάρεστιν,
2489 4294 2534 4375 ‹⁸5›
2558 4316 2804 4389 δύστηνε,
2832 4316 2907 4393 μὴ
2934 4318 3111 4397 σαυτῷ
3136 4313 3308 4397 φθόνει
3330 4357 3349 4391 ,
3376 4326 3493 4374 etc.
3517 4342 3546 4369 υ

2045 4487 2052 4515 Ι,
2088 4435 2213 4488 Jam
2266 4432 2622 4488 absolvamus
2669 4431 2994 4487 annotanda
3038 4431 3112 4486 ad
3159 4431 3409 4504 singulos
3441 4449 3664 4490 versus.

2045 4518 2053 4600 J
2091 4525 2154 4576 V.
2191 4539 2224 4576 α
2254 4520 2523 4578 Dindorf.
2549 4517 2903 4593 Ἀκαδήμειαν
2931 4538 3042 4593 pro
3067 4516 3414 4591 Ἀκαδημίαν.
3436 4518 3669 4575 Ibidem

2092 4609 2263 4664 codd.
2293 4611 2433 4664 PVL
2460 4606 2640 4664 ὠδεῖον
2670 4604 2868 4678 πύλας,
2893 4625 2998 4662 nec
3026 4617 3180 4661 recte
3209 4606 3349 4662 ΑΒΕ
3377 4616 3434 4661 et
3452 4606 3672 4662 Casan-

2045 4718 2049 4751 ι
2091 4699 2229 4753 boni
2260 4699 2391 4755 Mss,
2422 4693 2627 4753 ὠιδείου
2668 4694 2861 4760 πύλας.
2894 4694 3069 4752 Πύλαι
3106 4706 3236 4750 sunt
3273 4693 3670 4770 Θερμοπύλαι,

597 4837 610 4854 .
761 4836 775 4857 .
855 4839 868 4857 .
1180 4844 1209 4856 „
1256 4835 1269 4852 ,
1531 4838 1545 4857 ,
1868 4833 1884 4854 ,
2048 4813 2049 4862 ι
2091 4787 2219 4853 ubi,
2258 4787 2404 4841 sicut
2440 4795 2638 4858 postea
2677 4784 2951 4857 Delphis,
2999 4784 3482 4857 Amphictyonum
3520 4804 3671 4839 con-

577 4862 782 4925 αρεται
808 4829 877 4901 δε
900 4886 919 4921 ,
965 4830 1270 4926 πρεσὲειαι
1302 4861 1372 4901 τε
1393 4885 1411 4916 ,
1442 4861 1552 4900 και
1591 4859 1951 4926 στρατηγιαι
1977 4882 1994 4918 ,
2048 4871 2052 4902 ,π

2088 4886 2289 4929 ventus
2311 4874 2628 4928 habebatur
2663 4893 2674 4926 :
2709 4892 2762 4926 v.
2793 4874 2973 4931 Baehr.
3017 4873 3090 4927 ad
3118 4872 3395 4930 Herodot.
3429 4891 3487 4942 7,
3525 4874 3666 4935 213,

2045 4932 2053 5051 1
2089 4964 2439 5019 Dehortatur
2474 4964 2646 5037 igitur
2672 4980 2866 5016 servus
2897 4963 2957 5018 h.
3004 4963 3042 5020 l.
3081 4973 3138 5016 et
3176 4962 3364 5015 verbis
3401 4960 3667 5038 ἀρεταὶ...

2091 5048 2367 5127 ὀνειράτων
2394 5070 2424 5105 a
2451 5050 2712 5105 curandis
2737 5052 2946 5124 ingenii
2971 5051 3240 5124 operibus
3267 5046 3506 5122 (ἀρεταῖς
3537 5069 3553 5104 :
3590 5051 3668 5108 cs.

2096 5140 2386 5212 Aristoph.
2425 5140 2656 5211 Lysistr.
2697 5136 2833 5210 510,
2876 5136 3016 5213 512)
3061 5156 3190 5193 cuin
3232 5138 3656 5210 philosophicis

2095 5238 2210 5281 tum
2248 5228 2520 5299 politicis,
2557 5228 2742 5280 ventri
2773 5226 3000 5281 studens
3049 5236 3107 5280 et
3150 5244 3268 5299 prae
3302 5226 3437 5278 vino
3474 5237 3672 5280 cetera

2105 5492 2231 5554 181..
2264 5516 2287 5537 n
2321 5492 2502 5544 Mein.
2533 5492 2602 5547 V.
2638 5495 2669 5555 4
2702 5490 2831 5544 libri
2855 5491 3010 5544 varie
3033 5490 3288 5562 corrupti
3322 5486 3670 5561 ἐνπινοικὲνω,

2201 5658 2456 5714 Bibamus
2475 5701 2489 5726 ‚
2531 5667 2749 5713 strenue
2778 5657 3031 5713 bibamus
3062 5656 3403 5725 (sedentes),
3433 5656 3636 5722 Sieon;

2094 5751 2127 5800 5
2199 5744 2560 5817 gaudeamus,
2590 5743 2722 5799 dum
2746 5744 2873 5799 licet
2894 5745 3131 5799 animam
3158 5742 3396 5799 nutrire!

2203 5830 2379 5897 turba,
2411 5833 2624 5886 Manes!
2655 5838 2840 5886 ventre
2860 5830 2995 5886 nihil
3015 5831 3270 5886 suavius:

2203 5917 2292 5972 hie
2313 5925 2466 5988 pater
2488 5918 2622 5985 tibi,
2652 5933 2948 5990 rursusque
2974 5926 3142 5974 mater
3164 5916 3307 5982 sola;

2202 6020 2369 6076 opera
2396 6022 2520 6061 vero
2541 6007 2771 6078 ingenii,
2803 6014 2857 6062 et
2881 6006 3201 6077 legationes,
3226 6013 3282 6060 et
3308 6004 3532 6074 imperia
3554 6046 3568 6067 .

2202 6107 2355 6149 vanae
2371 6093 2715 6165 jactationes,
2740 6093 3024 6163 strepitant
3041 6093 3215 6148 instar
3232 6090 3576 6146 somniorum
3601 6112 3617 6159 ς

544 6171 690 6245 Quid
719 6174 847 6231 talia
873 6179 1092 6247 nugaris
1110 6216 1125 6243 ‚
1155 6180 1398 6249 garriens
1417 6179 1485 6235 ab
1507 6179 1619 6234 imo
1635 6176 1706 6234 ad
1725 6193 2003 6235 summum
2102 6185 2164 6234 10
2202 6179 2468 6234 recreabit
2498 6188 2553 6235 te
2579 6178 2716 6235 deus
2735 6179 2882 6235 fatali
2911 6189 3183 6251 tempore,

545 6262 786 6331 Lyceum
805 6302 821 6326 ‚
849 6263 1194 6319 Academiam
1218 6306 1233 6331 ‚
1255 6266 1470 6321 Odeum
1491 6306 1506 6332 ,
1531 6264 1687 6335 Pylas
1705 6306 1720 6332 ‚

545 6344 911 6417 sophistarum
939 6352 1145 6421 nugas?
1169 6349 1303 6407 nihil
1332 6351 1526 6408 horum
1551 6358 1855 6408 venustum.

2203 6274 2257 6322 et
2281 6265 2505 6322 habebis
2520 6310 2536 6335 ,
2563 6282 2689 6338 quoe
2717 6267 3016 6324 comederis
3037 6267 3343 6339 biberisquc
3364 6310 3377 6326 .
3408 6267 3521 6321 sola
3543 6309 3557 6330 ,

2204 6353 2377 6425 pulvis
2396 6363 2577 6411 autem
2599 6362 2777 6412 cetera
2796 6396 2809 6423 ‚
2838 6356 3098 6429 l‘ericleS,
3126 6356 3367 6422 Codrus»,
3393 6355 3613 6413 Cimon.
