4084 8009
877 1480 1083 1541 caminus.
1305 1553 1307 1556 ¹
1619 1453 1621 1457 ’
1750 1494 1783 1541 ιι

168 1634 198 1686 p.
224 1613 289 1683 151,
313 1614 491 1688 intelligitur,
514 1613 706 1669 Alexandrum
728 1615 767 1671 Μ,
792 1614 874 1669 valde
901 1614 952 1667 liae

160 1704 265 1768 ,sabula
278 1705 448 1759 delectatum
463 1721 531 1760 esse.
546 1704 654 1759 »Mein

550 1844 574 1880 1.

190 1923 288 1996 ¹Stob.
304 1940 404 1998 Floril.
418 1938 465 2009 52,
483 1959 515 1993 11
533 1957 540 1996 :
556 1939 608 2015 Κρ.
627 1939 653 1995 ἐν
670 1935 812 2001 Εὐνείδαις·

217 2046 299 2131 litae
315 2053 440 2140 ἐκείνης,
461 2064 512 2120 νοῦ
526 2047 561 2120 δὲ
579 2047 672 2120 τοῦδε
695 2053 746 2119 καὶ
764 2062 886 2145 φρενῶν.

167 2180 286 2238 Addunt
303 2182 369 2237 libri
391 2179 570 2253 κατάλληλος,
593 2183 673 2256 quod
695 2183 800 2239 delevit
823 2184 950 2241 Grotius.

168 2272 318 2343 synesius,
341 2272 562 2343 comoediarum,
585 2291 651 2328 eum
670 2274 871 2346 antiquarum,
893 2284 953 2328 tum

167 2358 335 2427 recentium,
350 2358 492 2416 studiosus
516 2358 561 2435 (v.
578 2361 634 2416 Dio
650 2380 679 2435 p.
703 2360 754 2431 62,
777 2361 809 2417 C.
823 2361 844 2434 l,
861 2363 951 2437 Epist.

171 2465 238 2520 129,
253 2444 287 2522 p.
299 2444 357 2503 265
372 2467 379 2507 :
395 2445 527 2523 Στίνομεν
545 2447 706 2523 μεμνημένοι
719 2445 787 2519 ἥθης
804 2447 827 2505 τ’
842 2445 951 2520 ἐκείνης,

167 2537 211 2591 νοῦ
220 2534 243 2590 τ’
258 2532 356 2592 ἐκείνου
368 2532 417 2591 καλ
426 2537 537 2613 φρενῶν,
549 2556 672 2610 quorum
682 2538 768 2594 verba
783 2534 852 2596 στίν.
868 2559 949 2611 μεμν.

166 2624 356 2697 probabiliter
369 2626 422 2698 ipsi
432 2626 548 2681 Cratino
565 2627 729 2682 tribuuntur
744 2624 951 2682 aBlomfieldio

166 2711 203 2766 ad
215 2712 340 2786 AEschyl.
355 2715 428 2770 Pers.
442 2732 500 2788 νφο
515 2725 544 2771 et
557 2713 679 2789 Bergltio
690 2713 849 2775 Commeat.
862 2733 891 2789 p.
903 2733 949 2785 71.

166 2800 257 2856 Possis
266 2802 351 2857 etiam
366 2821 390 2857 :·

197 2929 200 2933 '
312 2912 579 3009 Ᾱναμιμνιίσκισθε
596 2929 646 2984 νῦν

214 3017 288 3099 ήθης
306 3029 334 3087 τ’
355 3025 466 3100 ἐκείνης
483 3034 533 3089 νοῦ
550 3017 585 3089 δὲ
602 3019 692 3089 τοῦδε
706 3023 758 3088 καὶ
773 3031 894 3116 φρενῶν,

167 3161 199 3206 ut
210 3151 314 3225 legitur
325 3152 403 3226 apud
419 3154 564 3208 lulianum
577 3154 680 3228 Misop.
689 3173 720 3228 p.
739 3151 807 3228 339,
822 3154 857 3209 D.
869 3154 949 3209 Cete-

166 3257 230 3294 rum
244 3240 268 3294 is
280 3258 396 3314 quoque
408 3242 453 3295 νοῦ
467 3240 491 3296 τ’
517 3238 625 3312 ἐκείνου,
639 3242 719 3314 quod
732 3242 839 3297 nollem
854 3240 950 3300 admi-

165 3328 230 3382 sisse
250 3327 366 3397 doctos,
382 3346 472 3407 quum
492 3326 587 3384 verbis
605 3325 704 3399 ίκείνης
717 3341 746 3384 et
766 3327 841 3387 τοῦδε
857 3348 950 3404 oppo-

165 3426 270 3470 nantur
279 3417 353 3471 inter
366 3435 396 3472 se
409 3428 518 3491 ternpus
528 3417 655 3493 elapsum
666 3416 821 3490 juventutis
834 3429 863 3473 et
875 3436 949 3492 prae·

164 3521 226 3558 sens
237 3503 410 3577 prudentiae,
430 3504 466 3560 de
482 3524 538 3578 qua
554 3505 626 3560 illud
642 3506 729 3573 valet,
745 3506 825 3578 quod
844 3506 881 3563 de
895 3526 948 3563 usu

165 3591 234 3646 dicit
245 3591 364 3648 Ovidius
374 3593 441 3651 Met.
451 3591 479 3662 6,
494 3611 543 3667 αφ,
557 3610 618 3648 eam
630 3611 646 3648 a
662 3594 731 3649 seris
743 3596 823 3650 annis
836 3596 944 3651 venire.

515 3735 541 3771 ο.
566 3716 593 3773 3.

214 3831 315 3921 Δωροῖ
325 3825 515 3900 συκοπέδιλε.

213 3939 355 4015 Τέκτονες
372 3940 554 4031 εὐπαλάμων
567 3944 678 4031 ὕμνων.

165 4067 270 4123 Cratini
282 4069 381 4139 rerba,
400 4082 625 4127 commemorata
640 4072 677 4127 ab
690 4069 879 4148 Aristophane
893 4074 946 4146 Eq.

166 4156 222 4211 523
240 4174 301 4231 seq.
315 4158 360 4213 lbi
371 4159 460 4217 schol.
475 4179 481 4215 :
503 4158 608 4239 Δωροῖ
622 4180 693 4216 συκ.
705 4151 882 4236 ”(εεσιειιι1ιιια
893 4162 946 4239 ho·

164 4245 304 4300 merirum
326 4244 530 4326 χρυσοπέδιλος,
557 4260 590 4305 ut
613 4249 779 4318 Schneider.
801 4252 948 4305 annotarit

163 4333 270 4388 Lexico
289 4352 317 4393 ν.
341 4328 535 4413 Σοκοπίδιλος)
559 4333 718 4412 ε’Κρατίνοιι
741 4328 823 4411 (sort.
847 4339 947 4415 Κρατι·

164 4418 253 4496 νείον)
270 4418 363 4497 μέλους
375 4419 455 4503 ἀρχή
470 4420 599 4480 σκώπτων
613 4421 642 4481 δέ
656 4419 719 4480 τινά
730 4423 824 4490 ἐκεῖνος
836 4423 946 4501 δωροδδ·

164 4507 259 4566 κονκαλ
266 4507 430 4590 συκοφάντην
438 4515 514 4569 τούτο
523 4501 603 4571 ε’ίπεν.
615 4516 649 4569 Et
661 4514 697 4569 ad
710 4510 840 4570 τίκτονε
849 4511 861 4577 ς
870 4501 909 4585 ἐὐ
914 4536 945 4572 π.

164 4594 295 4670 θμνωντ
316 4597 362 4654 καλ
384 4602 460 4670 τοῦτο
484 4597 511 4655 δὲ
526 4601 555 4656 ix
571 4601 622 4656 τῶν
645 4599 775 4658 Εὐνειδῶν
786 4601 876 4676 (libri
891 4599 947 4658 Εὐ-1

165 4681 297 4759 μενίδων)
322 4684 462 4762 Κρατίνου.
484 4684 616 4742 «Priora
636 4685 723 4763 Δωροῖ
738 4681 892 4744 mussitate
913 4706 947 4742 ex

164 4774 282 4846 antiquo
292 4776 416 4829 carmine
429 4767 556 4848 parodiae
573 4777 636 4832 lusu
650 4774 744 4833 eilicta
759 4794 816 4831 esse
831 4786 947 4832 testatur

165 4863 321 4937 llesyehius
332 4863 384 4919 sub
397 4881 430 4919 ea
441 4884 469 4921 ν,
491 4891 503 4913 ν
528 4866 567 4923 Μ.

436 4959 593 5046 μήθ.
645 4984 707 5016 ‘³‘
794 4986 795 4989 ’

204 5095 313 5166 Suidas,
336 5090 562 5171 Ἀμφιανακτίζειν
584 5058 684 5147 ε’άδειν
707 5090 750 5147 τὸν
776 5076 945 5170 Τερπάνδρου

163 5178 241 5254 νόμον
261 5179 304 5237 οὐν
318 5178 480 5255 καλούμενον
496 5169 579 5258 ὄρθιον
588 5152 641 5250 ,οὐ
653 5177 684 5257 rb
693 5176 833 5253 προοίμιον
842 5170 945 5249 ,ταύτην

164 5266 212 5337 τήν
226 5266 310 5346 ἀρχήν
324 5261 418 5345 εἶργεν·7

204 5386 283 5466 Ἀμφί
298 5410 343 5463 μοι
362 5377 433 5453 αὖτις
447 5386 539 5466 ἄναχθ’
556 5386 716 5458 ἓκατηθολον
731 5387 815 5469 ᾀδέτω
832 5386 849 5444 ἃ
863 5386 940 5466 φρήν.

163 5475 257 5534 ἔστιδὲ
272 5475 316 5532 κοιλ
331 5477 358 5532 ἐν
371 5474 505 5541 Εὐνείδαις
516 5475 562 5533 καί
576 5478 602 5533 ἐν
613 5475 753 5555 Ἀναγύρῳ.
767 5478 847 5532 Libri
861 5474 945 5532 άδέτω

163 5561 229 5642 φρήν
244 5576 273 5622 et
289 5561 406 5640 Εὐναίφ,
423 5584 485 5637 quae
499 5565 607 5621 dudum
620 5565 699 5621 docti
708 5564 942 5622 emendaverunt.

1004 1613 1115 1688 πανδρος
1133 1639 1144 1661 ν
1164 1610 1241 1690 ’Λμφί
1256 1634 1300 1686 μοι
1315 1601 1386 1677 αὐτις
1401 1610 1510 1670 άνακτα·
1527 1638 1538 1660 ν
1554 1611 1598 1669 καί
1614 1611 1740 1691 ’Λρισνοφ
1760 1615 1785 1670 ἐν

1005 1698 1134 1776 Νεφέλαις
1150 1699 1229 1778 (595)
1243 1697 1343 1777 ν’λμφί
1353 1720 1398 1775 μοι
1411 1691 1483 1769 οὐτε,
1497 1698 1587 1770 dotet
1599 1698 1664 1767 άνοξ
1673 1699 1762 1771 Δήλιε.
1774 1726 1786 1748 ν

1004 1780 1147 1864 (Πσεγσλι.
1163 1786 1241 1866 Ἀμφὶ
1258 1784 1358 1843 ἄνακτα
1374 1806 1381 1846 :
1397 1785 1468 1867 ἀρχή
1479 1786 1559 1864 νόμον
1578 1788 1786 1868 antuerpiensi.)

1001 1905 1042 1917 -
1062 1871 1256 1952 Ἀμφιάνακτος
1278 1873 1367 1951 ἔλεγον
1390 1873 1435 1932 καί
1463 1872 1522 1941 τούς
1541 1873 1785 1954 διθυραμθοποιοθς·

1002 1963 1116 2040 συνεχῶς
1127 1960 1179 2041 γάρ
1190 1962 1282 2040 ἐκεῖνοι
1295 1961 1379 2041 ταύτῃ
1391 1963 1506 2041 ἐχρῶντο
1516 1966 1549 2042 τῇ
1560 1961 1638 2029 λεἜει.
1656 1990 1669 2015 ι
1683 1957 1785 2021 Δείνωνι.

1005 2048 1052 2120 15,
1068 2072 1098 2125 p.
1116 2051 1186 2126 698,
1201 2053 1227 2107 D
1244 2071 1251 2106 ε
1267 2046 1395 2128 κέχρηται
1414 2049 1441 2107 il
1465 2050 1647 2131 (παρῳδίαις)
1668 2048 1714 2110 καί
1730 2052 1782 2130 Ιίρ.

1001 2139 1074 2206 θτῆς
1090 2136 1202 2215 ἀρχαίας
1217 2136 1357 2214 κωμῳδίας
1371 2136 1483 2209 ποιητής
1502 2138 1529 2195 ἐν
1550 2137 1694 2204 Εὐνείδαις.
1710 2141 1785 2196 Hine

1000 2224 1118 2280 tortasse
1130 2225 1168 2281 ad
1187 2225 1308 2281 eandem
1323 2224 1447 2282 fabulam
1464 2226 1616 2283 referenda
1633 2238 1707 2295 sunt,
1721 2245 1785 2302 quse

1000 2312 1134 2388 leguntur
1148 2314 1227 2387 apud
1241 2314 1433 2387 Porphyrium
1443 2313 1557 2370 Eusebii
1578 2316 1666 2390 Praep.
1680 2332 1783 2392 evang.

1003 2421 1050 2472 ro,
1076 2402 1092 2458 3
1117 2420 1124 2459 :
1149 2398 1179 2459 τδ
1208 2398 1259 2477 γάρ
1284 2427 1297 2452 ι
1320 2399 1363 2458 etv
1388 2400 1411 2459 δ’
1433 2399 1644 2476 ἀπσμειθίμενος
1666 2401 1784 2483 προσίφη

998 2487 1092 2567 κρείων
1107 2492 1116 2565 (
1131 2491 1219 2545 immo
1237 2487 1360 2567 κρατερὸς
1384 2491 1465 2547 Iliad.
1487 2490 1516 2560 5,
1540 2490 1615 2561 θείς,
1638 2510 1683 2560 ιι,
1706 2491 1782 2565 316)

999 2574 1145 2651 Διομήδης,
1160 2602 1173 2627 ι
1192 2576 1274 2651 σιγῶ,
1285 2573 1406 2655 Ὁμήρου
1420 2574 1624 2657 κωμῳδηθέντος
1639 2576 1690 2635 imit
1711 2580 1784 2657 Κρα-

998 2662 1069 2722 τίνου
1083 2662 1127 2720 διδι
1141 2661 1171 2720 τὸ
1182 2660 1326 2720 πλεονάσαι
1338 2664 1364 2721 ίν
1376 2667 1414 2744 τῷ
1431 2690 1442 2716 ι
1453 2663 1495 2722 τὸν
1509 2662 1532 2723 δ’
1541 2662 1751 2740 άπαμειύάμενος
1761 2690 1783 2724 ν.

999 2790 1038 2801 ...
1049 2754 1140 2807 Usum
1150 2751 1328 2825 frequentem
1339 2753 1498 2811 hexametri
1507 2755 1537 2809 in
1551 2755 1653 2825 nornis,
1666 2772 1783 2829 praser-

895 2866 897 2872 ι
1000 2840 1049 2892 tim
1068 2839 1227 2912 prooemiis,
1249 2831 1372 2895 ostendit
1401 2841 1486 2897 etiam
1510 2843 1653 2899 Timothei
1682 2844 1783 2902 Milesii

973 2961 975 2981 t
999 2925 1148 2980 exordium
1169 2927 1320 2980 Persarum
1340 2927 1418 3001 apud
1431 2929 1614 2985 Plutarchum
1626 2929 1740 3004 Philop.
1756 2949 1782 2988 e.

1002 3031 1045 3067 ιι.
1060 3039 1071 3061 ν
1087 3014 1176 3071 Mein.
1373 3063 1377 3067 .

1374 3130 1403 3187 6.

1038 3245 1140 3302 Joann
1160 3245 1367 3303 Alexandrinus
1386 3246 1430 3299 De
1451 3262 1509 3300 ace.
1524 3263 1553 3318 p.
1576 3261 1624 3318 29,
1646 3242 1705 3302 25:
1725 3241 1782 3301 ίστι

998 3326 1056 3388 rot
1077 3331 1241 3409 (adverbia)
1258 3330 1303 3390 καλ
1313 3328 1393 3409 ’παρὰ
1410 3330 1556 3400 αἰτιατικῆς
1570 3327 1710 3406 γεγονότα,
1728 3317 1782 3388 οἷον

998 3417 1027 3477 τὸ
1048 3416 1130 3498 πίραν
1144 3418 1189 3478 καί
1203 3419 1321 3500 πέρην...
1334 3417 1380 3477 καί
1394 3416 1445 3476 tat
1459 3418 1572 3488 δοτικῆς.

1047 3541 1177 3638 liris-pse
1194 3552 1299 3614 αὐτοῦ·
1318 3552 1358 3637 μὴ
1376 3548 1452 3638 πάρα
1468 3538 1580 3640 προθῇς
1593 3543 1697 3634 λόγου,

997 3686 1050 3762 Κρ.
1065 3682 1215 3760 Εὐμίνισιν.
1227 3686 1381 3746 Contendit
1395 3686 1550 3761 Meimpro
1564 3678 1779 3768 ίύιίμίνισινφερ-Ι
1793 3760 1795 3763 Ι

996 3773 1124 3830 nendum
1142 3794 1200 3849 esse
1215 3773 1367 3847 Εὐνείδαις,
1384 3773 1459 3833 sicut
1472 3770 1601 3830 Εὐνειδῶν
1614 3789 1669 3848 pro
1692 3767 1780 3845 Εθμκ·
1796 3778 1799 3821 ἶ

996 3857 1072 3918 νίδων
1090 3865 1120 3919 in
1137 3864 1246 3935 scholio
1262 3863 1300 3919 ad
1315 3864 1368 3936 Eq.
1385 3860 1442 3917 523
1465 3859 1585 3942 (fragm.
1606 3858 1691 3933 hujus
1711 3858 1779 3916 dra·

970 3984 973 4007 t
995 3951 1079 4006 matis
1096 3970 1113 4006 ο
1132 3961 1162 4007 et
1175 3951 1226 4026 313
1246 3969 1299 4007 nec
1313 3950 1494 4028 regeremur,
1514 3966 1617 4024 parum
1638 3957 1717 4023 eptas
1731 3965 1779 4003 co-

995 4038 1106 4093 moediae
1124 4055 1260 4111 personas
1277 4056 1333 4095 essa
1349 4035 1538 4094 Eumenidum
1556 4054 1606 4091 seu
1617 4036 1778 4104 Furiarum,

995 4124 1046 4181 sed
1060 4126 1200 4200 ipsarum,
1217 4144 1276 4184 non
1290 4123 1411 4199 figurate
1425 4123 1576 4193 dictarum,
1590 4132 1622 4177 ut
1636 4122 1719 4179 dictae
1739 4124 1779 4177 vi·

996 4214 1100 4271 dentur
1113 4234 1158 4273 res
1170 4215 1359 4271 Eumenidum
1369 4215 1399 4269 in
1408 4213 1461 4269 hac
1476 4212 1571 4268 sabula
1581 4229 1636 4286 pro
1650 4212 1779 4269 meretri·

996 4304 1086 4373 cibus,
1103 4305 1207 4377 quibus
1229 4321 1366 4378 personas
1385 4301 1550 4375 imposuerit
1562 4298 1624 4367 Cn,
1645 4310 1809 4373 tanquam

994 4393 1133 4448 similibus
1141 4394 1278 4448 harumet
1287 4392 1419 4448 affectata
1426 4390 1626 4445 benevolentia
1636 4387 1644 4465 ί
1655 4406 1719 4443 nam
1735 4388 1780 4441 εὐ-

996 4480 1065 4553 μενλς
1078 4484 1196 4555 proprie
1210 4492 1249 4536 est
1258 4481 1409 4547 benevola,
1422 4480 1498 4533 mitis
1511 4494 1518 4534 ι
1530 4496 1556 4535 ν.
1567 4477 1684 4534 Gesneri
1697 4476 1777 4533 Thes.

996 4568 1014 4621 l.
1032 4570 1051 4624 l.
1070 4587 1097 4621 v.
1118 4566 1325 4640 Eumenides),
1343 4577 1372 4621 et
1386 4560 1571 4635 cmdelitate3
1587 4560 1776 4635 quemadmo-

995 4652 1064 4708 dum
1094 4666 1122 4709 et
1140 4654 1299 4728 sphingum
1331 4652 1446 4725 nomine
1474 4648 1634 4714 verberari¹
1650 4647 1780 4718 solebant
1823 4643 1825 4645 ’

994 4752 1088 4796 scorta
1094 4742 1247 4816 Megarica,
1257 4730 1373 4808 testibus
1381 4737 1527 4812 Hesychia,
1533 4747 1562 4792 et
1572 4735 1669 4804 Suida.
1683 4735 1779 4811 Lydus
1795 4799 1797 4804 y

995 4828 1140 4885 Plautinus
1150 4815 1257 4890 sacch.
1275 4828 1304 4901 3',
1325 4816 1440 4899 1,Js't,aiis
1452 4822 1497 4893 'nd
1510 4817 1789 4908 ''toresttacchiuurq

1035 4918 1151 4973 Pandite
1176 4928 1262 4990 atque
1284 4904 1391 4990 aperite
1410 4908 1537 4993 propere
1554 4919 1678 4985 januam
1703 4904 1780 4988 hane·

1551 5034 1637 5111 [Orci
1652 5036 1778 5105 obsecro!

1032 5146 1096 5183 nam
1111 5128 1242 5201 equidem
1259 5119 1336 5206 haud
1355 5119 1438 5210 ¹aliter
1460 5144 1518 5182 esse
1539 5124 1644 5182 duro:
1669 5128 1776 5201 quippe

1435 5209 1437 5213 ⁸
1468 5212 1542 5290 [quo
1553 5232 1635 5270 nemo
1646 5214 1775 5283 advenit,

1033 5306 1086 5358 nisi
1101 5323 1185 5378 quem
1203 5323 1267 5380 spes
1288 5304 1426 5377 reliquere
1447 5308 1554 5373 omnes,
1573 5321 1632 5358 esse
1650 5312 1683 5355 ut
1703 5302 1777 5375 hugi

999 5410 1002 5413 ’
1122 5430 1124 5433 <
1146 5430 1150 5436 -
1335 5430 1338 5436 -
1597 5390 1723 5465 [possiet.
1737 5422 1777 5435 -

1031 5481 1185 5537 Bacchides
1203 5500 1269 5541 ,non
1297 5478 1469 5547 Bacchides,
1495 5479 1543 5534 sed
1565 5475 1688 5531 Bacchoe
1712 5489 1778 5535 sunt

1600 5562 1774 5638 [acerrume.

163 5642 243 5717 Αὐτις
261 5671 316 5727 pro
331 5653 446 5727 vulgato
463 5651 540 5709 αὐτὸν
561 5655 620 5727 ipse
640 5652 751 5721 Suidas,
766 5654 805 5707 ita
824 5671 945 5727 pergens
964 5624 969 5749 l
1032 5658 1129 5728 Apage
1143 5657 1206 5711 istas
1219 5675 1234 5711 a
1249 5674 1293 5712 me
1306 5674 1420 5720 sorores,
1439 5672 1502 5726 quae
1513 5651 1654 5706 hominum
1666 5653 1779 5708 sorbent

162 5744 182 5797 l.
190 5742 211 5795 l.
226 5739 440 5818 ιἰμφισνακτίζειν
451 5759 459 5799 t
470 5738 513 5797 διδ
524 5739 555 5798 τὸ
566 5739 634 5797 οὕτω
642 5742 866 5819 προοιμιάζεσθαι.
880 5738 945 5818 Τίρ-

368 5987 372 5994 Ι
473 5906 631 5961 EUNtDAE.

335 6002 338 6008 ·
417 6009 421 6014 ·
459 6013 493 6029 ι·
542 6001 567 6049 ι.

163 6083 315 6138 iuventutis
327 6080 410 6147 itlius,
424 6080 563 6157 hujusque
578 6080 679 6137 mentis
691 6088 719 6135 et
737 6077 938 6150 intelligentiis.

539 6173 567 6222 θ.

163 6262 236 6314 Doro
249 6257 373 6314 lteutneis
381 6255 520 6313 sandaliis.

268 6363 413 6400 ΡθλθΙΕΝΤΔ
428 6361 547 6399 ΰθΙαθΙΕ
561 6362 666 6399 tarenta.

1578 5738 1753 5815 [snrtguinem
1763 5742 1775 5799 !

1369 5907 1385 5956 θ

993 5993 1141 6048 Architecti
1153 5992 1355 6063 ingeniosorum
1367 5989 1544 6060 hymnorum.

1369 6082 1395 6131 6.

992 6166 1044 6222 Hie
1057 6166 1163 6229 desine3
1180 6180 1214 6218 ne
1226 6179 1307 6235 perge
1316 6164 1432 6221 ulterius
1443 6164 1541 6221 dicere.
