4084 8009
920 1550 1140 1610 antenatus

1767 1567 1823 1617 509

260 1680 514 1778 ηπεραφρίζωσαν
541 1693 708 1775 τρυφῶσαν,
733 1683 794 1748 ἴσον
817 1682 872 1767 ἴσῳ
891 1709 995 1776 mm.
1017 1689 1020 1732 ι
1044 1683 1100 1739 Ρτο
1116 1682 1209 1738 πίτταν
1228 1684 1496 1741 llodaeusscribebat
1511 1685 1596 1742 πίτυν.
1612 1689 1725 1744 Plautus
1739 1689 1820 1765 Capt.

890 1814 994 1880 lstvllt

260 1899 428 1993 προσφέρων
439 1890 560 1979 ἔδωκεν,
571 1891 656 1987 οἶμαι
665 1897 871 1988 χρηστότητος
880 1900 994 1963 οὕνεκα

262 2002 316 2072 εἶτ’
335 2004 486 2095 ἐλευθέραν
501 2002 598 2091 ἀφῆκε
615 2001 766 2085 βαπτίσας
778 2005 957 2095 ἐρρωμένως.
1055 2076 1058 2081 ,

213 2152 253 2204 Ex
269 2150 312 2204 his
323 2168 408 2203 nemo
430 2146 575 2218 conjiciat,
592 2147 654 2218 quis
672 2147 835 2202 Philonides
858 2148 969 2203 dicatur
986 2168 993 2204 ε

212 2256 276 2292 narn
293 2237 389 2310 plures
402 2235 526 2291 luerunt.
542 2234 688 2288 Hanovius
706 2234 859 2293 Exercitat.
875 2236 952 2292 critt.
971 2255 981 2291 1

212 2343 241 2398 p.
255 2343 294 2398 ap
307 2324 412 2395 aliique
422 2322 457 2377 de
471 2320 623 2377 Philonide
641 2322 779 2377 Melitensi
801 2324 937 2397 cogitant,
962 2323 998 2380 de

214 2430 273 2484 quo
292 2410 329 2466 ad
342 2409 487 2483 Aristoph.
512 2409 586 2465 Plut.
605 2428 672 2482 179·
693 2412 779 2466 Versu
803 2409 870 2466 adt'
885 2406 996 2486 ἀρετὴν,

213 2500 233 2554 i.
251 2518 278 2571 q.
303 2516 371 2553 mox
389 2494 566 2574 χρηστότητος
591 2492 696 2552 υύνεκα.
721 2498 867 2553 ‘Ihericlea
892 2500 998 2571 pocula

215 2586 277 2640 latis
295 2584 407 2659 lundis,
423 2595 634 2658 proptereaque
648 2584 799 2657 capaciora
812 2595 897 2657 atque
911 2588 999 2658 magis

214 2674 349 2748 expetita,
359 2674 513 2747 praesertim
528 2671 876 2729 abibaculismulieribus.
890 2674 999 2749 Lepide

216 2764 262 2817 illa
275 2762 352 2835 apud
366 2760 508 2815 Eubulum
520 2759 650 2834 Campyl.
665 2780 681 2816 a
701 2780 709 2814 t

254 2880 291 2948 Ὦ
304 2895 367 2965 γαῖα
382 2886 496 2967 κεραμί,
509 2886 547 2953 τίς
560 2910 588 2945 σε
600 2888 736 2966 Θηρικλῆς
746 2911 810 2946 ποτε

256 2976 341 3045 ἔτευξε
356 2975 444 3044 κοίλης
458 2974 565 3052 λαγόνος
578 2976 716 3053 εὐρύνας
727 2977 844 3053 βάθος;

255 3055 272 3135 ἦ
286 3087 337 3123 που
347 3062 472 3128 κατειδὼς
485 3062 533 3132 τὴν
543 3061 691 3138 γυναικείαν
707 3061 798 3142 φύσιν,

256 3156 291 3219 ὡς
304 3151 363 3231 ούχλ
373 3153 474 3232 μικροῖς
486 3150 577 3222 ἥδεται
590 3150 739 3229 ποτηρίοιςς

217 3282 261 3339 Cl.
285 3281 411 3353 ejusdem
432 3282 529 3338 Dolon
554 3299 583 3340 2.
610 3277 749 3336 «Ἀσπίδα
772 3279 842 3334 dicit
864 3280 999 3353 poculum

217 3370 310 3443 clypei
336 3371 424 3424 instar
446 3367 643 3425 rotundatum.
667 3370 700 3425 V.
726 3364 742 3420 5
769 3363 908 3441 βαπτίσας.
934 3369 999 3420 ΙΙεεο

216 3465 345 3528 spectant
360 3455 396 3510 ad
413 3455 493 3527 πῶμα
506 3450 667 3529 ἐλευθερίας,
683 3453 717 3507 de
733 3471 791 3525 quo
804 3452 840 3507 ad
858 3453 999 3526 Antipha-

217 3545 260 3597 nis
277 3539 395 3615 Ἀκεστρ.
412 3561 469 3599 a.»
495 3543 521 3596 E
536 3543 577 3598 Μ.

238 3685 483 3745 lNCERTORUM
504 3686 719 3742 DRAMATUM
736 3684 974 3741 FRAGMENTA.

594 3816 620 3854 1.

256 3913 383 3967 Stobaeus
396 3912 473 3969 Flor.
489 3910 537 3987 96,
553 3910 590 3966 23
605 3929 670 3965 cum
682 3911 812 3965 lemmate
827 3906 1000 3987 Ἀριστοφῶν·

217 4017 269 4062 ῗθί.

266 4114 310 4180 Τὸ
327 4116 413 4190 τέλος
424 4112 536 4179 άπασίν
550 4115 614 4178 ἐστι
628 4119 693 4189 τοῖς
708 4120 860 4203 πτωχοῖσι
875 4110 936 4192 νύξ·

265 4217 483 4311 ε’πισκοτεῖγθιρ
498 4225 559 4294 τοῖς
569 4224 688 4282 κακοῖσι
698 4226 864 4308 πανταχοῦ.

221 4389 232 4413 α
251 4366 342 4423 loeta
354 4364 468 4422 tortasse
481 4364 518 4421 ad
530 4364 646 4421 Babiam
661 4361 832 4420 referendus.
848 4386 859 4410 ν
873 4361 897 4415 E
914 4361 956 4415 M.

562 4502 591 4541 a.
616 4483 644 4541 3.

257 4608 360 4665 Athen.
377 4626 404 4676 a,
418 4628 448 4683 p.
465 4606 514 4677 63,
528 4610 552 4663 A
568 4601 739 4682 εἈντιράνης
753 4600 780 4659 δὲ
795 4601 836 4657 tat
853 4606 898 4658 τοῦ
914 4622 934 4655 π
946 4623 999 4679 φη-

216 4694 258 4753 σλν
270 4693 461 4772 άσπάραγον...
478 4692 634 4771 Ἀριστοφῶν
647 4717 659 4745 ι
674 4690 830 4766 Κάππαριν,
845 4686 945 4766 βληχθι,
959 4688 1000 4745 θύ-

217 4804 266 4859 ριον
281 4780 451 4859 ἀσπάραγον,
472 4778 581 4853 πίτταν,
599 4777 712 4856 ῥάμνον,
732 4775 873 4855 σφάκελον,
891 4774 998 4849 τύμπα·

216 4890 271 4930 νον.
282 4895 295 4920 ν
309 4873 435 4945 Apparet
447 4870 506 4923 haec
518 4879 623 4924 temere
635 4868 829 4940 conglutinata
844 4882 910 4921 esse.
923 4863 999 4918 Scri·

217 4958 294 5029 bam,
308 4959 407 5032 priore
417 4958 483 5010 loco
495 4965 590 5028 partes
603 4956 779 5009 senariorum
795 4952 958 5015 restituens,

315 5110 363 5119 -
373 5070 556 5161 Κάππαριν,
574 5069 695 5156 βληχὼ,
712 5068 815 5156 θύμον,

266 5175 456 5267 ἀσπάραγον,

217 5290 375 5366 posteriore
387 5297 482 5343 autem
494 5295 664 5359 anapaestum
681 5284 750 5339 dim.
767 5284 865 5357 inquo
877 5297 1001 5336 comme-

217 5378 324 5432 morari
335 5375 469 5431 ridentur
480 5376 579 5448 capitis
591 5373 748 5447 supplicia,

267 5490 394 5575 πίτταν,
414 5482 670 5579 ραύδοσφάκελον,
687 5488 826 5551 τύπανον.

1017 1765 1193 1845 ‘3‚t„6t,:

1124 1916 1162 1927 -
1175 1890 1227 1944 Ar.
1243 1889 1278 1941 At
1295 1886 1343 1960 pol
1360 1898 1405 1954 te,
1418 1887 1441 1940 si
1454 1887 1500 1942 hic
1512 1888 1600 1961 sapiat
1613 1906 1715 1963 senex,

1080 1978 1136 2046 pix
1147 1985 1211 2027 αισα
1222 1974 1308 2048 agitet
1326 1974 1405 2048 apud
1420 1973 1596 2045 carnificem,
1612 1988 1720 2052 tuoque
1738 1979 1824 2052 capiti

1703 2065 1824 2121 illuceat.

1043 2170 1119 2227 Dure
1134 2170 1248 2227 codices
1259 2183 1323 2225 atra
1333 2177 1402 2247 pia.
1417 2174 1565 2229 Lucretius
1580 2174 1609 2249 3,
1626 2173 1710 2247 1030,
1732 2193 1823 2230 anuo·

988 2278 996 2306 ι
1045 2269 1122 2315 tante
1135 2259 1174 2314 ibi
1190 2259 1330 2315 Lambiuo
1349 2278 1356 2313 τ

1083 2369 1220 2439 Verbera,
1236 2368 1397 2442 carnifices,
1410 2370 1520 2441 robur,
1532 2376 1594 2446 pia,
1606 2372 1721 2443 lamina,
1737 2373 1825 2432 taedae.

1045 2492 1160 2569 Ῥάμνος
1172 2514 1274 2552 vereor
1284 2503 1317 2554 ut
1330 2497 1386 2552 hue
1397 2498 1552 2571 pertineat,
1565 2518 1618 2553 nee
1629 2517 1681 2573 per
1691 2518 1720 2555 se
1734 2473 1828 2556 dictus

1046 2581 1175 2658 σφάκελος
1198 2584 1309 2657 placet3
1340 2580 1551 2662 ραόδοσράκελον
1574 2597 1666 2641 autem
1693 2588 1828 2663 intelligas

1048 2672 1262 2726 convulsionem
1273 2674 1385 2746 virgati.
1402 2672 1516 2727 Plautus
1529 2674 1609 2731 Asin.
1626 2672 1650 2739 3,
1668 2692 1697 2745 a,
1715 2674 1749 2729 ιθ
1767 2696 1773 2729 :
1847 2686 1854 2696 '

1084 2783 1142 2838 Ubi
1156 2801 1227 2857 saepe
1237 2801 1351 2839 causam
1361 2782 1466 2839 dixeris
1476 2781 1603 2858 pendeus
1618 2785 1751 2841 adversus
1760 2797 1827 2843 octo

1084 2882 1208 2924 astantes
1219 2870 1339 2926 audaces
1352 2873 1443 2946 viros,
1459 2872 1581 2926 valentes
1595 2873 1757 2947 virgatores.

1044 3010 1103 3065 Ubi
1115 3010 1185 3065 mire
1196 3010 1259 3064 libri
1268 3021 1387 3076 astutos,
1401 3009 1480 3081 quod
1490 3020 1584 3063 ortum
1597 3010 1672 3065 dicas
1683 3030 1717 3068 ex
1731 3002 1827 3068 «asta-

1046 3107 1086 3151 tes
1108 3122 1133 3153 υ.
1156 3092 1280 3153 Τύπιινον
1299 3097 1481 3151 scribendum
1503 3098 1556 3151 suit
1572 3090 1654 3152 nictri
1668 3101 1757 3173 gratia
1770 3119 1825 3172 pro

1045 3179 1193 3258 τύμπανον,
1206 3196 1238 3239 ιιι
1250 3186 1355 3257 Hymn.
1373 3186 1489 3242 llomer.
1505 3191 1552 3253 τίς,
1569 3184 1585 3238 3
1602 3200 1609 3240 :

1085 3285 1248 3374 ᾔκροτάλων
1260 3292 1420 3350 τυπάνων
1431 3296 1455 3349 τ’
1469 3292 1551 3369 ἰαχὴ,
1565 3293 1612 3350 σύν
1624 3316 1651 3351 τε
1671 3293 1766 3373 βρόμος
1778 3298 1826 3353 αύ-

1754 3384 1808 3441 λῶν
1818 3426 1826 3453 ,

1085 3469 1184 3528 εύαδεν.

1047 3588 1101 3641 tlte
1113 3585 1291 3660 quidemrox
1301 3595 1383 3639 sonat
1396 3579 1487 3656 ξύλον,
1498 3581 1537 3663 ἐρ’
1551 3572 1573 3661 ᾧ
1586 3580 1758 3658 ίτυμπάνιζον
1774 3584 1831 3656 (ad

1046 3693 1140 3728 necent
1151 3673 1361 3742 verberabant),
1371 3681 1403 3725 nt
1414 3673 1453 3726 ait
1464 3672 1552 3726 schol.
1564 3672 1601 3726 ad
1614 3676 1662 3727 Ar.
1672 3673 1743 3728 Pluti
1757 3678 1825 3741 [ητα.

1047 3761 1165 3816 Rodaeus
1178 3760 1319 3816 scribebat
1331 3757 1459 3840 palparer,
1472 3759 1583 3837 σφάκον,
1598 3757 1726 3836 πήγανον.

1408 3865 1468 3923 Lll.

1304 3986 1563 4053 EPIGRATES.

1091 4151 1102 4173 ι
1119 4126 1279 4198 Epicrates,
1297 4123 1480 4178 Ambraciota
1500 4120 1618 4195 (Athen.
1647 4136 1695 4187 ιο,
1712 4136 1741 4192 p.
1759 4124 1826 4187 aaa,

1049 4213 1095 4286 F),
1104 4213 1204 4266 mediae
1215 4210 1359 4264 comoediae
1372 4219 1467 4282 poeta,
1477 4219 1510 4262 nt
1525 4208 1564 4262 ibi
1576 4217 1702 4275 vocatur,
1712 4205 1827 4279 quando

1047 4303 1166 4367 vixetit,
1186 4318 1219 4353 ex
1235 4298 1392 4372 fragmento
1406 4296 1481 4369 apud
1500 4296 1601 4351 attan.
1616 4313 1646 4362 a,
1664 4314 1692 4367 p,
1714 4292 1766 4366 59,
1783 4297 1827 4361 1),

1028 4389 1225 4460 ⁸intelligitur,
1247 4387 1278 4440 iu
1300 4404 1357 4458 quo
1379 4383 1524 4438 Platonem
1544 4382 1660 4453 ejusque
1678 4381 1829 4453 discipulos

1048 4477 1236 4550 Speusippum
1259 4484 1287 4527 ct
1308 4472 1504 4528 Menedemum
1524 4471 1702 4545 perstringit3
1727 4470 1794 4523 item
1812 4487 1830 4522 e

1047 4565 1191 4618 mentione
1206 4562 1278 4616 sacta
1289 4560 1473 4628 Pharnabazi,
1485 4558 1584 4630 dequo
1595 4555 1785 4630 Thucydides,
1795 4573 1830 4609 ex

1048 4652 1142 4707 verbis
1153 4650 1189 4705 de
1200 4649 1288 4705 Laide
1300 4647 1309 4725 ί
1321 4645 1415 4705 Ἀντιλ.
1433 4647 1468 4705 ίι·.
1483 4665 1510 4717 a,
1527 4645 1588 4718 illl:

1128 4792 1168 4807 -
1180 4760 1282 4838 δόλιχον
1297 4760 1349 4825 τοῖς
1361 4759 1444 4817 ἔτεσιν
1456 4756 1507 4827 ἤδη
1519 4753 1622 4835 τρύχει,

1088 4850 1134 4914 τὰς
1148 4848 1273 4928 apporia<
1284 4870 1313 4906 τε
1323 4848 1440 4926 διαχαλᾷ
1454 4851 1499 4903 τοῦ
1513 4844 1652 4921 σώματος,

1049 4962 1152 5035 quibus
1167 4962 1190 5015 si
1209 4958 1479 5033 quinquagenariam
1498 4955 1620 5011 describi
1634 4954 1776 5028 ponimus,
1789 4953 1829 5009 la·

1048 5051 1171 5105 bulailla
1182 5050 1295 5103 inerrate
1314 5047 1419 5121 olymp.
1437 5064 1487 5099 τοι
1502 5044 1582 5115 (ante
1601 5044 1667 5099 Chr.
1679 5054 1739 5100 nat.
1755 5041 1827 5114 375)

1049 5140 1153 5211 scripta
1168 5137 1268 5203 luerit,
1287 5134 1428 5206 siquidem
1440 5132 1534 5187 Laidis
1547 5132 1653 5186 natales
1666 5131 1791 5185 incidere
1802 5133 1830 5185 in

1049 5228 1155 5298 olymp.
1178 5223 1226 5291 88,
1240 5241 1257 5277 a
1272 5223 1353 5294 (ante
1371 5222 1438 5277 Chr.
1457 5231 1514 5277 nat.
1530 5219 1603 5292 426)
1623 5236 1657 5272 cx
1676 5218 1831 5272 multorum

1049 5313 1218 5369 testimoniis
1227 5308 1352 5365 efficitur
1366 5328 1373 5361 :
1385 5328 1413 5361 v.
1425 5308 1512 5362 schol.
1525 5307 1670 5380 Aristoph.
1687 5305 1759 5359 Pluti
1776 5323 1830 5377 ¹79
1923 5323 1928 5332 ·

1050 5413 1077 5457 et
1088 5403 1190 5457 Franc.
1201 5398 1428 5454 RitteriDissert.
1442 5395 1476 5450 de
1489 5396 1579 5457 Pluto,
1597 5414 1625 5468 p.
1638 5412 1686 5450 ar.
1700 5393 1831 5464 Quinque

1049 5489 1208 5545 fabularum
1221 5485 1294 5540 tituli
1308 5493 1468 5558 supersunt.
1487 5505 1499 5530 ν
1515 5483 1540 5535 E
1552 5482 1596 5537 M.

237 5594 1814 5635 *st-

253 5689 444 5758 obrirtutem,
472 5686 674 5746 Thericleomm
696 5690 725 5743 iu
752 5686 845 5743 orbem
870 5684 1001 5739 eircuma·

770 5778 856 5842 [ctum
869 5772 1004 5844 elypeum,

255 5894 373 5952 superne
391 5888 574 5953 apamenum,
588 5878 748 5944 delicatum,
769 5892 818 5948 par
836 5876 893 5947 pari
904 5882 1006 5945 tempe·

893 5964 1005 6028 patum,

256 6067 368 6126 allatum
379 6069 466 6139 dedit,
487 6068 585 6142 opinor
598 6066 737 6141 equidem,
759 6063 834 6137 quod
848 6062 959 6137 probam
978 6070 1007 6119 et

761 6151 836 6223 frugi
847 6156 1004 6221 cognosset,

222 6262 240 6312 t
259 6255 357 6313 deiude
371 6255 485 6313 liberam
502 6252 626 6320 dimisit,
644 6267 730 6325 quum
746 6250 829 6324 probe
846 6247 1006 6369 madelpcis·

952 6341 1003 6389 sel.

1026 5677 1031 5809 ρ
1237 5655 1287 5708 Ex
1307 5652 1469 5790 tucantlts
1489 5649 1652 5705 FABULlS.

1026 5814 1031 5937 l
1050 5831 1124 5889 Finis
1140 5828 1283 5884 stobrum
1296 5824 1423 5883 omuibus
1437 5830 1478 5880 est
1487 5819 1618 5878 mendicis
1631 5835 1682 5875 uox
1696 5837 1701 5870 :

1050 5933 1114 5974 uam
1125 5915 1197 5972 mala
1210 5912 1333 5985 undique
1342 5910 1489 5967 obumbrat
1503 5908 1561 5965 illa.

1429 6001 1446 6052 2

1050 6089 1204 6164 Capparin,
1218 6086 1373 6159 pulegium,
1388 6037 1530 6157 thymum,

1052 6192 1224 6251 asparagum.

1429 6247 1456 6297 8.

1052 6334 1154 6400 Picem,
1169 6330 1375 6388 convulsionem
1387 6345 1419 6387 er
1429 6328 1525 6402 virgis,
1536 6326 1655 6385 verbera.
