4084 8009
769 1506 870 1568 iticO.
895 1506 1097 1567 utcotnus
1680 1513 1735 1564 715

198 1648 231 1708 οὐ
246 1637 407 1734 δυνάμενος
423 1634 458 1707 δὲ
473 1650 511 1713 τῆ
527 1622 619 1733 τέχνη
637 1643 767 1734 χρῆσθαι
785 1649 905 1723 καλῶς,
957 1640 1002 1708 25
1030 1633 1083 1706 διὰ
1100 1641 1168 1717 τοὺς
1187 1633 1318 1717 ἀναιδῶς
1338 1641 1505 1734 τάλλότρια
1519 1642 1724 1732 μασωμένους.

202 1750 371 1815 ἀκόλαστον
381 1750 451 1841 ἔσχε
466 1755 627 1841 γλῶσσαν,
645 1743 713 1831 εἶτ’,
730 1748 860 1832 ἀκουσίῳ
1032 1752 1063 1830 β.
1084 1750 1129 1814 od
1155 1748 1269 1822 παντὸς
1285 1739 1391 1838 ἀνδρὸς
1407 1748 1458 1813 ἐπὶ
1472 1743 1622 1838 τράπεζάν
1646 1748 1706 1812 ἐσθ’
1725 1751 1741 1812 ό

153 1849 172 1920 5
200 1850 280 1943 δίψει
293 1857 483 1946 περιπεσὼν,
501 1846 655 1945 δυναμένῳ
668 1854 775 1947 λοιμὸν
797 1860 908 1936 ποιεῖν,
1637 1851 1739 1930 πλοῦς·

201 1962 261 2026 ἀπὸ
277 1972 332 2038 τῆς
354 1957 503 2054 τραπέζης
518 1954 657 2037 ἐξαπίνης
674 1957 874 2050 ἀπεστράφη,
1030 1955 1160 2051 πλευρὰν
1178 1959 1257 2049 ἔχειν
1274 1960 1443 2049 πρώτιστον
1461 1960 1579 2026 εύτονόν
1601 1985 1633 2025 σε
1648 1953 1715 2043 δεῖ,

201 2064 285 2159 άφνω
297 2062 332 2135 δὲ
348 2068 475 2161 πληγεὶς
492 2067 537 2144 εἰς
550 2070 640 2158 μέσην
655 2072 710 2142 τὴν
725 2069 859 2160 γαστέρα
1030 2064 1191 2155 πρόσωπον
1203 2063 1328 2155 ἰταμὸν,
1343 2074 1451 2157 χρῶμα
1463 2056 1619 2158 διαμένον,
1636 2065 1743 2159 γνάθον

104 2177 111 2186 ’
200 2169 299 2251 ἔδοξεν
315 2179 399 2260 αύτῷ
411 2175 564 2268 γεγονέναι
581 2169 663 2239 τάνω
679 2172 786 2257 κάτω,
1031 2167 1213 2261 ἀκάματον,
1243 2170 1323 2247 εὐθὺς
1351 2164 1519 2263 δυναμένην
1545 2169 1667 2264 πληγὰς
1695 2175 1744 2261 φέ-

201 2281 326 2346 Σίπυλόν
349 2306 384 2346 τε
398 2291 503 2347 τοῦτον
520 2278 742 2372 ἀνατετράφθαι
765 2278 815 2344 τὸνΙ
838 2276 910 2369 τρό-
1670 2302 1739 2368 ρειν.

841 2407 909 2448 πον·
959 2375 1005 2449 30
1031 2380 1177 2471 Στοιχεῖα
1194 2384 1247 2474 μὲν
1263 2389 1350 2449 ταῦτ’
1367 2383 1430 2449 ἐστὶ
1446 2392 1500 2459 ’τῆς
1514 2384 1587 2458 ὅλης
1603 2382 1722 2473 τέχνης·

135 2512 175 2557 ιο
202 2490 251 2556 καὶ
264 2488 351 2581 μάλα
363 2480 500 2568 δικαίως·
521 2482 606 2581 Φρὺξ
620 2486 676 2582 γὰρ
685 2486 725 2554 ὢν
741 2492 798 2582 οὐχ
811 2488 911 2567 ἱκανὸς
1032 2487 1142 2554 ἔπειτα
1155 2479 1207 2555 δεῖ
1225 2488 1438 2580 σκωπτόμενον
1459 2492 1503 2579 ἐφ’
1522 2493 1620 2574 ἑαυτῷ
1633 2492 1742 2581 γελᾶν·

875 2585 912 2659 ἦν
1032 2592 1158 2683 αἰσχρὸν
1172 2591 1230 2685 γὰρ
1242 2589 1329 2684 οἶμαι
1340 2586 1446 2661 δοῦλον
1460 2589 1535 2660 εἶναι
1546 2597 1741 2685 σκώμματος.

201 2697 257 2766 τὴν
271 2702 322 2758 τοῦ
332 2696 490 2785 τρέφοντος
504 2691 534 2760 εὖ
550 2694 647 2785 φέρειν
663 2690 858 2782 παμπησίαν.
1035 2694 1101 2763 ἀπὸ
1122 2708 1184 2763 τῶν
1211 2701 1284 2765 ε’τῶν
1307 2703 1430 2767 κλέπτει
1451 2725 1518 2784 τις,
1544 2697 1563 2772 ἢ
1591 2699 1642 2765 καὶ
1669 2700 1746 2784 βλά·

203 2796 262 2863 Διά
277 2791 315 2873 δὴ
331 2801 473 2870 τοιαύτην
484 2806 642 2875 παντελῶς
655 2792 801 2888 καχεξίαν
1383 2812 1387 2820 “
1614 2830 1742 2889 πτεταε,

202 2908 231 2969 ἐν
250 2911 312 2979 τοῖς
329 2901 422 2987 βίοις,
436 2902 518 2996 παρὰ
532 2909 623 2970 πᾶσιν
640 2898 851 2994 έζηλωμένην,
1033 2908 1126 2974 θέλων
1142 2907 1234 2985 καλὸς
1245 2905 1319 2975 εἶναι
1332 2960 1342 2996 ,
1353 2910 1404 2976 καὶ
1420 2909 1492 3002 παρ’
1507 2908 1628 2983 ἠλικίαν
1647 2919 1737 2977 νοσεῖ·

203 3019 312 3102 πικρῶς
327 3005 491 3087 ἐπιπλῆξαι
508 3006 646 3101 βούλομ’,
662 3005 768 3101 ἀνπερ,
785 3013 818 3083 νὴ
836 3008 911 3094 Δία,
961 3006 1006 3079 35
1033 3013 1123 3078 ἔσται
1135 3006 1314 3103 Γανυμήδης
1329 3015 1413 3093 οἶκτος
1429 3016 1656 3107 ἀποθεούμενος·

137 3115 177 3183 15
202 3114 366 3207 παρρησίαν
381 3142 432 3207 μοι
447 3107 548 3201 δῶτε,
565 3116 635 3193 τοὺς
652 3111 841 3206 ἀσυμύολους
929 3209 933 3217 Ι
1033 3118 1104 3211 πρὸς
1117 3118 1204 3209 χάριν
1214 3123 1317 3209 ὁμιλεῖ
1328 3132 1381 3189 τοῦ
1393 3120 1612 3215 τρέφοντοςέπ
1623 3123 1744 3213 ὀλέθρῳ.

202 3221 370 3312 τάλλότρια
384 3214 515 3287 δειπνεῖν
530 3224 686 3313 ἑλομένους
703 3218 770 3286 ἀνευ
787 3220 886 3286 πόνου.
1034 3223 1271 3314 παρατάττεταί
1285 3250 1352 3310 τις,
1381 3227 1433 3292 καὶ
1458 3235 1541 3294 ποιεῖ
1559 3227 1677 3304 πάντας
1697 3254 1744 3293 νε·

202 3326 241 3392 Τί
253 3325 309 3420 γὰρ
325 3328 445 3418 μαθὼν,
470 3322 708 3419 ἀνθρωπε,πρὸς
730 3336 791 3392 τῶν
807 3317 914 3418 δαιμύ-
1638 3336 1744 3424 κροὺς,

845 3459 913 3521 νων,
1035 3428 1157 3519 δείπνῳ·
1170 3447 1271 3530 σιωπῇ
1285 3447 1393 3504 τοῦτον
1408 3436 1649 3531 ύπομυκτηρίσας

205 3540 304 3620 βούλει
317 3543 500 3625 παρασιτεῖν
515 3539 551 3604 ἔκ
564 3564 600 3605 τε
614 3547 675 3604 τῶν
690 3541 720 3603 ἐν
734 3545 778 3621 τῷ
797 3537 852 3622 βίῳ
1035 3541 1074 3618 είς
1083 3546 1138 3615 τήν
1155 3538 1306 3633 τράπεζαν
1320 3543 1372 3609 καὶ
1389 3546 1424 3610 σθ
1441 3550 1495 3620 τὴν
1507 3550 1601 3637 χολὴν
1615 3541 1696 3637 ἀφες.

204 3637 347 3728 ξυνῆκας,
362 3639 454 3709 εἷπον·
466 3640 552 3721 ἀξιον
568 3641 627 3737 γὰρ
643 3638 766 3710 εἰδέναι·
961 3644 1008 3725 ώο
1034 3638 1134 3735 Οἶμαι
1148 3638 1179 3713 δ’
1190 3648 1321 3738 ε’μαυτὸν
1336 3649 1452 3717 εὔθετον
1465 3661 1511 3735 τῷ
1528 3649 1707 3743 πράγματι,

133 3771 178 3814 νο
205 3746 282 3825 τίνος
298 3749 434 3839 μαθητὴς
450 3751 600 3841 γέγονας,
618 3752 731 3842 αἵρεσιν
748 3750 817 3815 τίνα
952 3752 954 3756 ’
1035 3742 1161 3832 παῖδες,
1195 3755 1361 3844 γεγονέναι·
1390 3753 1493 3821 πάντα
1521 3753 1579 3847 γάρ
1606 3755 1748 3846 πρόσεστί

203 3850 324 3940 {minim
342 3855 403 3921 ἀπὸ
419 3856 512 3921 τίνων
530 3849 699 3948 ’δογμάτων
722 3859 890 3947 ὁρμώμενος
1676 3887 1746 3950 μοι,

204 3966 321 4050 τολμᾷς
349 3968 541 4051 παρασιτεῖν,
571 3961 593 4054 ᾖ
621 3964 708 4052 μόλις
729 3967 837 4053 ἡμεῖς,
861 3961 915 4027 τὸν
1034 3964 1089 4028 ὅσα
1102 3988 1157 4056 περ
1167 3963 1488 4057 ἔχειντάλλότριατὸν
1497 3960 1677 4033 δειπνοῦντα
1687 3965 1748 4047 δεῖ,

851 4067 914 4152 βίον
1033 4068 1138 4157 λιμὸς,
1155 4067 1295 4156 ἀπόνοια,
1309 4068 1426 4160 τόλμα,
1442 4074 1575 4162 γαστὴρ,
1592 4068 1695 4162 ἀργία.

205 4170 327 4236 ἅπαντα
341 4170 602 4263 κατατρίψαντες,
615 4165 683 4239 οὐδὲ
696 4182 745 4238 νῦν
764 4174 811 4237 ἔτι
973 4245 976 4250 .
1041 4173 1107 4238 Καὶ
1122 4183 1171 4239 νῦν
1187 4181 1219 4265 μ’
1234 4179 1251 4239 ὀ
1266 4167 1374 4241 Λυδῶν
1388 4183 1451 4242 τῶν
1465 4178 1662 4267 πολυχρύσων
1674 4172 1750 4258 ἀναξ

209 4276 396 4367 ἀνεῳγμένην
410 4269 561 4368 δυνάμεθα
575 4280 630 4350 την
645 4276 732 4366 θύραν
751 4268 828 4343 ἰδεῖν
962 4272 1008 4358 45
1036 4272 1207 4345 σύνδειπνον
1222 4284 1307 4364 αὐτῷ
1320 4281 1454 4372 κέκρικεν
1471 4275 1548 4346 εἶναι
1562 4280 1615 4347 καὶ
1628 4281 1729 4373 φίλον.

186 4500 243 4547 arte
256 4491 346 4548 dotem
360 4508 417 4568 uon
429 4493 498 4549 bene
510 4495 550 4550 uti
561 4494 650 4550 sciens
962 4499 996 4550 rt
1015 4502 1125 4567 propter
1135 4510 1197 4563 eos,
1210 4495 1257 4568 qui
1273 4493 1447 4568 impudenter
1463 4489 1559 4551 'olienis
1571 4496 1726 4551 vescuntur.

186 4579 364 4650 impotentem
374 4580 594 4652 hebuitlingusm
602 4600 611 4649 ς
619 4582 728 4651 deinde,
736 4583 917 4640 involuntaria
1016 4579 1044 4636 b.
1057 4582 1119 4637 Nou
1132 4582 1251 4654 cujusvis
1262 4582 1313 4638 tiri
1325 4590 1368 4639 est
1381 4581 1520 4654 navigatio
1531 4577 1566 4636 nd
1578 4594 1712 4636 mensum.

151 4671 167 4718 5
185 4666 228 4722 siti
243 4665 371 4729 allectus,
385 4682 447 4738 quae
458 4676 561 4739 pestem
573 4666 682 4726 efficere
691 4677 793 4742 potest,
1013 4666 1144 4739 Inprimis
1156 4667 1230 4724 letus
1242 4668 1352 4724 lirnium
1363 4674 1391 4723 te
1399 4666 1500 4723 habere
1512 4672 1636 4738 oportet,

187 4751 303 4808 subitos
320 4762 550 4812 menso-remotus
560 4796 570 4822 ,
581 4762 609 4812 et
1015 4753 1121 4810 vultum
1133 4753 1281 4816 sudarem,
1296 4752 1415 4810 dolorem
1426 4750 1639 4820 immutabilem,
1652 4752 1745 4818 muril-

186 4839 255 4894 ictus
265 4837 385 4894 medium
400 4839 578 4908 inventrem,
1676 4837 1748 4906 [lom

186 4941 303 4997 superna
318 4924 424 4983 inferna
439 4926 491 4982 sibi
504 4926 562 4982 sieri
577 4926 705 4998 putabat,
1016 4908 1198 4978 indefessum,
1214 4924 1276 4983 quae
1286 4909 1391 4966 albitus
1408 4909 1601 4983 plagosterat„

186 5022 214 5068 et
227 5012 349 5085 Sipylum
361 5028 391 5068 es
403 5011 438 5069 de
448 5027 529 5069 causa
540 5029 665 5070 eversum
680 5029 754 5078 0⁸50,
964 5000 998 5050 ³0
1018 4996 1159 5053 Elementa
1170 4996 1230 5053 heo
1246 4994 1357 5067 quidem
1371 5000 1437 5052 sunt
1450 4995 1536 5052 totius
1548 4994 1612 5051 artis
1629 5014 1635 5050 ι

137 5108 168 5154 to
187 5099 377 5156 meritissimo:
391 5098 479 5171 Phry,
494 5099 567 5156 enim
579 5115 664 5172 quum
677 5107 760 5168 esset,
1017 5085 1118 5142 deiude
1128 5098 1199 5155 opus
1208 5088 1266 5149 est,
1278 5080 1438 5138 utludibrio
1451 5081 1562 5139 habitus
1575 5090 1603 5138 te
1618 5082 1676 5154 ipse
1686 5083 1745 5137 irri-
1772 5151 1775 5156 Ι

186 5188 356 5259 opulentiam
366 5188 510 5244 nutritoris
523 5187 656 5258 patienter
669 5186 738 5242 ferre
751 5202 806 5241 non
817 5187 916 5258 potnit.
1017 5184 1098 5246 turpe
1112 5172 1184 5229 essim
1195 5186 1304 5267 {emim
1314 5186 1372 5227 0⁸⁸0
1383 5170 1507 5228 ludibrii·
1642 5169 1723 5238 [deas
1740 5190 1746 5221 ³

188 5277 299 5345 Propter
309 5273 383 5329 hune
394 5273 497 5329 scilieet
510 5288 613 5329 morem
628 5273 710 5345 plane
721 5288 833 5343 pravum
1018 5268 1114 5319 Annos
1130 5259 1230 5329 aliquis
1250 5258 1402 5330 populetur,
1411 5258 1452 5313 νεΙ
1463 5258 1546 5314 etiam
1560 5257 1593 5313 iis
1607 5256 1728 5324 laeditur,

189 5366 216 5415 in
234 5363 287 5416 vitu
297 5401 304 5427 ‚
316 5362 399 5432 quem
414 5361 488 5435 opud
500 5376 599 5417 omues
610 5361 766 5428 imitantur,
1017 5356 1054 5415 0¹2
1066 5346 1113 5419 qui
1123 5353 1254 5403 lfflmul
1262 5360 1321 5402 ⁶⁵⁸⁰
1330 5343 1463 5411 Wllrssllss
1473 5344 1610 5399 imffl0f1¹⁰
1620 5352 1746 5415 aessffl¹³¹³

188 5445 285 5501 acerbe
295 5446 439 5520 objurgare
447 5448 525 5515 volo,
538 5449 579 5515 si,
593 5465 640 5521 per
651 5451 757 5514 lovem,
848 5510 853 5519 ι
964 5443 1000 5494 35
1019 5436 1109 5492 eultus
1124 5435 1185 5503 iiio,
1199 5443 1232 5491 ut
1242 5435 1327 5499 deus,
1341 5430 1521 5504 Ganymedes
1529 5432 1582 5487 erit
1596 5449 1603 5484 ι

140 5538 170 5587 15
187 5531 337 5586 libertatern
351 5533 417 5588 milri
429 5533 500 5590 datis
509 5574 517 5602 ,
526 5534 608 5599 istos,
623 5535 670 5607 qui
682 5533 741 5589 sine
752 5532 882 5606 symbolis
999 5522 1160 5615 ,blanditur
1174 5522 1241 5585 Viro,
1255 5535 1271 5574 θ
1284 5535 1340 5591 (1110
1349 5518 1439 5585 alitur,
1449 5518 1510 5588 03⁰8
1526 5516 1655 5589 pernicie·

189 5635 220 5674 nc
232 5617 323 5675 labore
334 5618 423 5676 eliens
435 5620 579 5679 comedere
592 5629 756 5678 statuerunt,
1017 5610 1111 5667 Aeiem
1123 5608 1222 5680 uliquis
1231 5607 1351 5673 instruit,
1364 5614 1394 5662 et
1403 5622 1500 5665 omnes
1514 5614 1635 5662 mortuos
1649 5605 1748 5674 reddit,

188 5708 245 5763 Cur
256 5705 346 5771 euim,
362 5706 398 5760 mi
411 5705 509 5769 homo,
523 5722 572 5783 per
583 5706 663 5774 deos,
1016 5693 1333 5763 oonriv103tteitehune
1345 5699 1375 5748 tu
1388 5692 1506 5748 irridens
1746 5692 1748 5697 ’

190 5791 229 5845 vis
241 5791 400 5865 pnrnsitnri,
413 5799 441 5847 et
452 5808 468 5848 a
481 5792 580 5864 quibus
593 5792 622 5849 iu
634 5794 688 5849 vitu
1016 5792 1045 5842 et
1056 5785 1114 5858 ipse
1124 5784 1191 5841 irum
1202 5789 1331 5838 οοσνεειε
1341 5780 1371 5837 iu
1383 5795 1518 5866 mensam.

189 5877 327 5935 didicisti?
337 5876 399 5934 dic:
413 5880 513 5951 quippe
521 5878 592 5936 scitu
606 5877 737 5952 dignum.
963 5867 1002 5929 40'
1016 5875 1122 5946 Opinor
1132 5879 1226 5928 sutem
1241 5885 1286 5925 me
1299 5876 1394 5942 aptum
1408 5883 1467 5924 esse
1480 5868 1546 5925 huie
1561 5869 1616 5934 rei,

137 5973 171 6021 νο
190 5963 333 6038 cujusnam
347 5980 407 6022 erus
420 5963 592 6037 discipulus?
609 5980 692 6037 quarn
710 5965 772 6022 vitae
786 5966 919 6023 rationem
1017 5960 1093 6035 pueri
1106 5976 1113 6014 ι
1127 5955 1228 6031 quippe
1241 5955 1334 6013 omnia
1344 5954 1411 6011 mihi
1426 5963 1504 6017 sunt.

190 6053 330 6125 sequeris?
344 6052 445 6124 quibus
458 6052 566 6125 placitis
574 6049 663 6108 fretus
1016 6065 1079 6122 quae
1093 6047 1191 6104 nabere
1205 6053 1314 6119 oportet
1327 6043 1603 6121 alienioresoeutem,

190 6138 274 6196 nudes
286 6139 441 6211 parasituri,
453 6147 486 6196 ut
498 6140 541 6195 rix
555 6154 624 6207 uos,
635 6146 720 6195 totum
1017 6137 1123 6200 muter,
1136 6132 1242 6190 insanie
1251 6171 1260 6200 ,
1269 6129 1401 6199 undamn,
1411 6138 1516 6196 venter,
1527 6131 1642 6203 pigritia.

191 6227 274 6280 vitent
284 6225 312 6282 in
322 6242 355 6282 eo
368 6233 578 6291 unusumeutes,
593 6232 621 6282 rt
635 6241 670 6283 ne
679 6241 754 6283 nune
766 6225 879 6298 quidem
1018 6225 1054 6279 Et
1067 6235 1142 6277 nune
1154 6216 1295 6292 Lydorum
1305 6215 1424 6273 divitum
1436 6233 1481 6273 rex

192 6322 297 6384 opertus
308 6312 396 6370 videre
408 6329 552 6386 possumus
562 6312 636 6370 iores
966 6318 1000 6368 σε»
1018 6327 1061 6367 nte
1076 6309 1221 6366 convivam
1233 6313 1262 6363 et
1271 6306 1391 6363 emicunt
1404 6306 1454 6361 sibi
1472 6304 1564 6377 elegit.
