4084 8009
208 1466 269 1523 ⁸⁸4
720 1455 841 1516 ΝΟΜ
861 1454 1067 1518 cottOEbtAE
1088 1457 1294 1531 testonis.

282 1592 382 1679 ὥσπερ
393 1585 522 1654 ἐπίτεινε
539 1589 640 1677 λύραν,
657 1583 895 1682 ἔωςᾶνῆδοςῆ·
1392 1587 1467 1647 xci.
1538 1605 1559 1650 ,·

217 1713 258 1759 ιο
285 1688 355 1776 εἷθ’,
374 1692 487 1758 θπθταν
496 1684 556 1781 ἤδη
571 1690 673 1758 πάντα
686 1700 853 1785 συμφωνεῖν
866 1685 962 1785 δοκῇ,

196 1795 200 1804 ’
283 1788 435 1891 ἔσαγιδιὰ
447 1806 554 1863 πασῶν
568 1789 745 1885 Νικολᾷδας
754 1799 915 1875 Μυκονίας.

1366 1717 1497 1784 ΒΑΤΟ.

1087 1862 1248 1919 ιΔιοειίΙαὶ
1267 1862 1397 1935 equalis,
1418 1859 1525 1918 florens
1546 1863 1628 1920 circa
1648 1864 1772 1941 olymp.
1793 1869 1837 1925 ssi

212 1959 330 2019 Versus
344 1960 385 2016 ita
398 1958 529 2016 Diodori.
543 1958 624 2016 Libri
635 1955 763 2035 θιμάλιος,
778 1978 870 2034 quum
880 1969 996 2015 autece-
1043 1949 1124 2028 [ante
1136 1951 1203 2009 uir.
1224 1962 1284 2009 nat
1299 1952 1431 2026 app-276
1444 1951 1465 2027 ).
1487 1951 1665 2009 Plutarchus
1683 1955 1735 2011 De
1757 1955 1836 2015 diso.

211 2045 261 2102 dat
279 2045 366 2105 τοῦτο.
393 2047 429 2103 V.
456 2042 744 2122 θωπευματίων,
775 2051 913 2121 apposita,
937 2064 998 2101 non
1043 2056 1101 2097 am.
1118 2048 1147 2094 et
1166 2038 1273 2098 adulat.
1292 2057 1325 2113 p.
1344 2037 1396 2110 55,
1411 2037 1512 2097 cnei
1532 2035 1645 2097 Βάτωνι
1667 2039 1838 2118 (malelibsi

211 2143 294 2189 cocta
309 2132 347 2189 ad
361 2132 520 2206 edendum,
536 2153 599 2209 qua
613 2145 655 2191 est
677 2135 803 2192 solennis
815 2135 895 2192 vohi
910 2134 997 2210 signi-
1044 2123 1157 2206 Βάττιρ,
1174 2144 1227 2182 nec
1244 2137 1322 2182 recte
1336 2126 1437 2183 Suides
1451 2137 1481 2183 et
1494 2125 1630 2183 Eudocia
1644 2147 1678 2204 p.
1697 2129 1756 2205 93,
1770 2130 1839 2190 Βάτ-

210 2220 320 2291 ficatio,
328 2217 379 2274 sed
395 2226 550 2295 proepostta
578 2239 673 2296 coquo
697 2220 873 2297 apparanda.
903 2223 998 2294 Quare
1042 2236 1113 2292 των,
1126 2215 1385 2289 stobaeuseumque
1402 2225 1513 2272 secunus
1527 2215 1653 2273 Photius
1675 2215 1762 2279 bibl.
1779 2220 1839 2295 τδρ,

211 2306 335 2367 bleineh.
348 2309 515 2381 requirebat
534 2305 781 2387 παραδοθέντα.
794 2308 927 2367 Versibus
944 2307 997 2383 5-9
1043 2323 1074 2379 p.
1091 2301 1165 2378 374,
1186 2301 1297 2379 Bulbus)
1318 2299 1366 2371 τὴν
1387 2300 1486 2380 σχολὴν
1509 2306 1623 2361 tantm
1648 2302 1840 2383 Ἀρκεσίλαος,

211 2395 298 2469 vulgo
307 2390 463 2451 άπιιτΊπδν
474 2384 529 2473 ᾖκ.
540 2395 639 2473 sich...
651 2394 816 2473 διαμάρτοις.
825 2394 871 2474 leis
882 2391 928 2450 sal
936 2391 999 2470 γιύ·
1044 2388 1085 2448 δτι
1099 2389 1163 2468 πρὸς
1175 2387 1312 2461 Κλεάνθην
1328 2389 1488 2466 (Stoicum,
1503 2389 1585 2463 cujus
1595 2391 1752 2450 habeantts
1760 2393 1842 2469 byn-

211 2502 241 2538 oo
256 2479 309 2558 (sic
321 2483 425 2539 Coraes
438 2501 487 2558 ap.
501 2483 662 2559 Schweigh.
677 2503 732 2559 pro
743 2483 883 2540 mendoso
894 2478 926 2559 γά
938 2481 996 2550 ol).
1044 2497 1113 2534 num
1129 2480 1158 2534 in
1172 2479 1272 2534 Jove-
1288 2476 1297 2552 )
1315 2474 1405 2555 στίχον
1422 2474 1543 2549 ἐποίησιν
1567 2477 1594 2535 δν
1615 2477 1772 2560 κωμιρδδτρ·
1788 2479 1840 2537 τά·

212 2567 249 2626 δτ’
262 2569 328 2639 (hnc
345 2567 646 2627 additumalacobsio
658 2568 806 2642 >custeint
822 2570 853 2652 (ι
866 2572 907 2628 sie
915 2571 995 2628 Plato
1046 2586 1139 2633 σαντνι
1159 2563 1187 2622 ll
1207 2564 1251 2621 τδν
1271 2563 1408 2636 Κλεάνθην
1431 2563 1477 2623 καὶ
1498 2563 1750 2642 μιταμελαυμδνου
1773 2567 1842 2638 διπλ-

212 2657 243 2712 in
260 2659 418 2734 Protagora
435 2658 553 2732 aliisque
573 2658 646 2714 locis
666 2654 705 2715 ln
719 2658 846 2719 ἐπιποθῶ,
862 2657 996 2733 ιΜοὶα.)
1045 2652 1762 2731 λάγη.1·“ιθυ1αιο]“ασοοωιινοιινοι·αιιιιιτιριιιῑθαοτ,
1776 2675 1843 2733 qua·

211 2765 280 2810 τινος
293 2743 382 2826 ἑτάρου
399 2747 475 2824 (hoc
488 2748 592 2821 legitur
604 2748 724 2821 quidem
738 2748 863 2806 incodd.
875 2750 933 2820 AB,
948 2748 998 2805 sed
1044 2761 1109 2799 rum
1130 2743 1189 2799 lere
1207 2751 1407 2816 argumentum
1430 2750 1473 2797 est
1498 2741 1760 2819 pbilosophorum
1780 2755 1843 2801 tune

213 2838 346 2891 ominum
357 2846 400 2891 est
412 2836 444 2889 in
455 2834 688 2910 PVC‚glossema
698 2838 820 2908 scilicet)
831 2834 910 2893 πάλιν
921 2833 998 2910 γεύου
1044 2830 1220 2905 vigentium,
1243 2827 1438 2902 Cynicorum,
1461 2828 1651 2900 Stoicorum,
1680 2830 1845 2906 Epicureo-

212 2921 380 3003 συμμετρίαν
394 2920 499 3000 ἁρμόσῃ
511 2919 601 3002 ὥστιρ
614 2920 695 3002 λύραν
711 2923 839 2982 θπιτιῑνιι(
849 2924 875 3001 γ’
887 2926 924 2991 ὣς
937 2923 999 2996 ἡδὺς

212 3000 383 3158 midaei.
400 3012 520 3069 vocibus
532 3014 647 3070 alterius
657 3031 755 3071 versus
767 3014 804 3071 ad
817 3015 938 3072 alterum
954 3032 998 3072 re·

277 3141 286 3171 l

253 3215 360 3297 lslpou,
374 3214 455 3275 πάλιν
469 3214 588 3295 peleusii
602 3214 683 3297 μέχρι
697 3214 730 3275 δν
746 3214 811 3289 ἡδδς
821 3208 848 3296 ᾗ.

215 3338 331 3398 Jacobs.
347 3334 428 3395 πάλιν
445 3335 523 3415 γιθου
541 3336 583 3396 ου’·
604 3336 691 3417 μέτρι’
706 3337 854 3417 άναρμδσῃ,
865 3335 939 3398 ὅσοι
969 3339 998 3401 λ.

213 3421 329 3482 immisi
339 3426 364 3503 γ’
379 3422 429 3491 ἕως
442 3420 473 3481 δν
486 3421 549 3496 ἡδὺς
558 3414 587 3503 ᾖ.
602 3427 708 3484 Procul
717 3427 807 3484 dubio
817 3446 916 3484 verum
926 3360 998 3504 δδος,

213 3515 250 3571 de
265 3533 323 3589 quo
338 3513 397 3570 dixi
410 3513 447 3571 ad
460 3513 543 3575 iliad.
563 3512 672 3587 1,576.
688 3518 722 3574 V.
745 3533 780 3572 so
801 3513 865 3596 δοκῇ
884 3516 998 3576 Jacobs.

214 3603 288 3662 cod.
307 3605 333 3660 A
355 3600 449 3680 δοκῆς,
471 3603 542 3660 Pvt,
555 3600 635 3662 δοκιῐ.
658 3606 692 3663 V.
714 3622 746 3658 11
763 3599 807 3660 διδ
819 3603 922 3663 πασῶν.
941 3605 1001 3659 ιΙιι

213 3711 266 3748 usu
276 3692 461 3748 formularum
468 3691 535 3748 artis
544 3692 656 3748 musicae
663 3690 701 3748 ad
709 3693 1000 3766 coquinariamtcans·

214 3781 334 3836 latarum
348 3780 462 3836 videtur
476 3798 536 3836 esse
549 3781 675 3836 imitatus
690 3783 886 3838 Damoxenum
900 3781 996 3856 Syntr.

216 3866 254 3926 55
268 3887 340 3944 seq.;
355 3867 390 3925 cl.
404 3869 593 3926 Athenionem
608 3869 786 3930 Samothrao.
802 3869 850 3929 δι.
864 3871 937 3926 Tum
949 3869 1001 3928 Νι-

215 3955 328 4036 κολδδας
348 3956 479 4016 Diodori.
504 3976 559 4034 pro
575 3949 753 4030 Nixoislduc,
775 3976 860 4032 quas,
886 3958 1001 4016 aliunde

214 4043 389 4121 incognitae,
408 4045 599 4121 probabiliter
618 4046 741 4104 Casauh.
757 4045 890 4124 intelligis
906 4064 1001 4103 mere-

152 4149 155 4157 ’
215 4135 314 4206 trices,
334 4145 394 4189 tutu
415 4133 551 4208 gratiosas
573 4134 652 4208 apud
665 4133 795 4211 juvenes,
809 4153 878 4209 quas
892 4154 1002 4210 coquus

215 4221 359 4280 adducere
372 4220 409 4278 ad
428 4220 590 4276 convivium
599 4220 727 4294 jubetur.
742 4224 791 4278 »E
803 4226 857 4292 M„
877 4225 927 4298 qui
939 4242 1001 4280 ser-

216 4319 282 4365 vata
296 4309 430 4366 codicum
440 4309 582 4385 scriptura
600 4303 710 4387 ιῐσαγιι
733 4334 747 4360 ι
764 4310 935 4384 Perdignus,
956 4311 1001 4364 in·

217 4397 291 4471 quit,
303 4396 511 4453 memoratubic
518 4415 615 4453 versus
622 4407 663 4452 est
669 4407 788 4474 propter
794 4397 928 4471 anapaesti
936 4414 1002 4452 cuin

218 4483 331 4559 dactylo
356 4486 604 4560 conjunctionem
633 4484 713 4556 cujus
739 4488 798 4560 rei,
818 4505 880 4559 quae
899 4487 1002 4561 passim

217 4574 347 4647 exempla
357 4575 549 4649 reperiuntur,
561 4574 710 4630 emendata
721 4585 796 4645 sunt,
803 4576 849 4631 vel
856 4575 1001 4632 emendari

218 4661 333 4737 debent,
347 4662 385 4717 ad
401 4681 489 4717 unum
509 4664 619 4732 omnia3
637 4662 784 4719 blachonis
797 4675 892 4719 autem
906 4683 1003 4721 versus

219 4768 332 4805 omnem
344 4750 515 4806 emendandi
528 4761 662 4806 conatum
672 4753 855 4825 pertinaciter
862 4754 979 4826 respuit.
990 4778 1002 4802 s

217 4840 321 4891 Verum
340 4836 364 4898 ἔς
387 4855 446 4891 non
470 4838 563 4893 minus
581 4849 719 4911 usurpant
743 4840 827 4894 Attici
842 4857 929 4912 quain
943 4839 1000 4904 εἶςι

218 4924 313 4997 itaque
328 4922 480 4978 scribendo
492 4920 571 4999 ἔσαγε
586 4922 781 4980 difficultatem
794 4924 926 4981 facillime
940 4926 1003 4981 abs-

219 5012 280 5068 tuli.
296 5009 516 5083 Frequentiores
528 5012 629 5068 breves
642 5012 671 5065 in
688 5011 831 5067 tribracho
849 5025 876 5069 et
892 5031 1003 5089 auapae·

217 5108 262 5153 sto
276 5096 436 5169 conjunctis
450 5108 522 5172 aptae
541 5110 607 5154 suut
627 5099 669 5154 rei
688 5099 803 5155 ludicrae
820 5110 848 5155 et
862 5101 940 5158 laetae.
962 5103 1004 5157 De

218 5187 338 5258 Mycono
349 5184 471 5259 Cyclada
490 5177 581 5242 insula
595 5205 630 5244 ex
647 5187 819 5261 majoribus,
832 5188 890 5243 vid.
910 5187 1001 5246 Baehr.

219 5273 255 5329 ad
270 5273 410 5331 llerodot.
423 5275 450 5343 6,
469 5274 534 5331 118.

273 5544 345 5602 velut
358 5545 423 5618 lyrae
437 5545 553 5601 chordas
564 5545 685 5615 intende,
699 5546 766 5604 dum
780 5546 903 5622 expedit;

223 5640 255 5689 to
274 5632 348 5702 dein,
362 5649 446 5707 quum
457 5633 512 5705 Jam
527 5649 675 5691 consonare
686 5636 777 5691 omnia
789 5634 922 5703 videntur,

276 5720 402 5780 introduc
414 5720 556 5779 harmonia
570 5720 698 5796 diapason
710 5722 816 5780 Nicolai
830 5723 899 5780 fliius
908 5725 1002 5796 Myco-

530 5826 692 5883 AETOLUS.
924 5828 993 5900 {nias

222 5931 311 5985 Homo
326 5944 412 6001 quum
426 5930 480 5998 sis,
495 5928 633 5986 offendisti
647 5947 654 5984 :
666 5930 695 5986 iu
709 5929 761 5988 vita
777 5932 850 5989 enim

223 6013 433 6083 miraculosum,
450 6015 473 6072 si
487 6015 533 6071 cui
548 6023 678 6088 perpetuo
691 6018 830 6074 succeseit.

513 6127 707 6184 Hotssclot.

279 6243 301 6290 t.
320 6236 545 6308 Philosophorum
556 6237 666 6297 insanos
678 6240 732 6297 huc
743 6255 825 6310 νοοο,

1043 2936 1127 2984 rum,
1142 2916 1247 2973 irrisio.
1265 2940 1279 2965 ν
1295 2916 1321 2970 B
1333 2917 1377 2973 M.

1322 3035 1346 3093 1.
1370 3035 1546 3096 ΑΙἸὩΛΟΣ.

1085 3151 1213 3207 Stohaeus
1226 3147 1301 3208 lior.
1315 3149 1368 3223 98,
1385 3149 1428 3206 ιδ.
1441 3149 1561 3214 liddam<
1574 3151 1652 3225 (sic)
1667 3149 1698 3220 li
1712 3155 1846 3226 Αθτωλσθ,

1046 3250 1074 3295 et
1091 3238 1162 3310 105,
1180 3239 1227 3312 30,
1242 3256 1308 3293 uum
1322 3237 1421 3294 eodem
1437 3240 1651 3309 lemmate‚nisi
1669 3244 1760 3317 quod
1781 3244 1846 3301 cod.

1046 3327 1124 3383 Voss.
1138 3324 1265 3383 Αἰτωλῶν
1277 3322 1374 3381 habet.

1097 3427 1255 3530 λνθρωπος
1269 3434 1327 3518 ὢν,
1341 3437 1510 3513 ἔπταικας·
1529 3440 1559 3503 ἐν
1574 3429 1611 3504 δὲ
1628 3447 1679 3524 τῷ
1699 3441 1762 3526 βίῳ

1093 3543 1268 3634 τεράστιον,
1286 3540 1313 3609 si
1325 3568 1374 3619 τις
1389 3524 1600 3635 ιὺτύχηκοδιδι
1619 3545 1705 3628 βίου.

1046 3653 1166 3711 Versus
1187 3654 1274 3728 vulgo
1294 3647 1371 3728 τέρας
1387 3652 1473 3723 ἐστὶν,
1488 3654 1527 3728 ιθ,
1545 3655 1623 3711 male
1639 3655 1848 3732 deproperata

1046 3760 1119 3798 voce
1131 3737 1214 3818 τέρας.
1227 3741 1332 3815 Scripsi
1346 3737 1490 3818 τεράστιον.

1272 3868 1308 3928 ΙΙ.
1331 3866 1598 3928 ΛΝΔΡΟΦΟΝΟΣ.

1088 4112 1188 4169 λιΙιοιι.
1200 4117 1230 4181 θ,
1244 4128 1273 4185 p.
1290 4108 1356 4179 163,
1369 4112 1391 4166 B
1403 4129 1410 4164 ε
1427 4105 1520 4168 Βάτων
1530 4105 1558 4166 dl
1572 4110 1586 4165 δ
1599 4109 1725 4186 κωμικὸς
1738 4111 1767 4169 ἰν
1782 4110 1843 4171 ’As-

1048 4195 1162 4279 δρορδννρ
1175 4193 1253 4276 φησὶν

1121 4320 1187 4377 Τῶν
1198 4309 1368 4402 φιλοσόφων
1378 4310 1447 4386 τοὺς
1456 4305 1843 4402 ἄφροναςένταοθοῖκαλῶ,

1119 4417 1187 4491 τοὺς
1201 4415 1316 4507 ἀγαθὸν
1331 4420 1436 4492 αὑτοῖς
1450 4419 1484 4480 οὐ
1496 4406 1639 4492 διδόντας
1654 4408 1729 4483 οὐδὲ
1747 4416 1793 4502 ἓν,

1122 4522 1190 4598 τοὺς
1204 4521 1257 4587 τὸν
1274 4521 1413 4612 φρόνιμον
1435 4516 1595 4600 ζητοῦντας
1611 4526 1639 4588 ἐν
1663 4529 1737 4600 τοῖς
1753 4550 1840 4614 περι·

1722 4631 1839 4706 πάτοις

1121 4730 1172 4797 καὶ
1186 4740 1253 4809 ταῖς
1271 4725 1455 4824 διατριδαῖς,
1471 4737 1569 4824 ὥσπερ
1584 4725 1837 4826 ἀποδεδρακότα.

1059 4829 1096 4906 ’5
1121 4829 1260 4930 λνθρωπ’
1297 4836 1459 4930 ἀλάστωρ,
1504 4833 1556 4903 διὰ
1591 4838 1645 4922 τί,
1679 4837 1841 4931 συμὲολας

1731 4949 1838 5037 ἔχων,

1123 5054 1242 5141 νήφειςς
1257 5050 1289 5115 τί
1306 5055 1485 5120 τηλικοῦτον
1500 5040 1616 5124 ἀδικεῖς
1625 5051 1695 5126 τοὺς
1710 5052 1816 5136 θεούς,

1122 5152 1154 5221 τί
1161 5155 1319 5246 τάργύριον
1333 5204 1343 5241 ,
1356 5151 1510 5244 ἄνθρωπε,
1526 5158 1704 5245 τιμιώτερον

1123 5266 1203 5346 αὑτῷ
1217 5262 1352 5335 τέθεικας
1367 5258 1385 5331 ἢ
1400 5263 1511 5351 πέφυκε
1525 5271 1563 5353 τῇ
1581 5262 1664 5349 φύσει
1676 5283 1684 5343 ;

1125 5366 1306 5442 ἀλυσιτελὴς
1322 5360 1347 5431 εἷ
1358 5376 1396 5458 τῇ
1413 5368 1500 5431 πολει
1513 5416 1522 5450 ,
1535 5363 1627 5430 πίνων
1642 5358 1735 5457 ὕδωρ·

1105 5548 1152 5620 qui
1168 5547 1272 5604 honum
1282 5548 1392 5605 sibimet
1410 5548 1475 5619 ipsis
1490 5547 1597 5605 nullum
1611 5546 1695 5616 dant,

1106 5635 1153 5708 qui
1169 5636 1319 5708 sapientem
1334 5636 1467 5709 indagant
1482 5636 1510 5692 iu
1520 5635 1691 5692 sermonibus

1108 5720 1361 5796 quaestionibusque
1371 5731 1501 5795 tauquam
1515 5721 1671 5793 fugitivum.
1769 5752 1771 5756 ν

1069 5815 1085 5865 5
1103 5812 1193 5866 Homo
1206 5818 1325 5876 vexator,
1335 5810 1414 5883 quid,
1430 5810 1565 5883 symbolas
1573 5810 1691 5879 buliens,

1102 5897 1228 5970 jejunas?
1240 5913 1291 5954 cur
1302 5906 1405 5954 numm
1418 5897 1543 5970 injuriam
1556 5897 1639 5954 infers
1648 5896 1719 5953 diis?

1105 5999 1175 6052 cur,
1195 5983 1279 6040 homo
1289 6024 1297 6052 ,
1308 5992 1448 6057 argentum
1461 5984 1605 6056 pretiosius

1104 6070 1154 6126 tibi
1169 6070 1251 6142 tingis
1263 6086 1345 6144 quam
1360 6077 1400 6126 est
1409 6072 1527 6127 natura?

1105 6156 1211 6214 inutilis
1225 6172 1254 6214 as
1268 6156 1348 6224 urbi,
1363 6171 1441 6229 aquae
1456 6164 1553 6229 potor:
