4084 8009
271 1516 328 1567 400

271 1640 328 1693 Nec
348 1638 435 1691 altera
455 1635 545 1689 lorma
563 1631 662 1695 κυλικίς
675 1633 731 1686 hoc
745 1650 824 1693 sensu
844 1632 975 1687 inusitata
990 1631 1053 1686 fuit.

272 1726 373 1781 sithen.
398 1723 442 1791 13,
456 1742 485 1797 p.
503 1721 580 1793 480,
599 1721 622 1778 C
639 1740 645 1774 ι
662 1716 791 1789 Ἀθηναῖοι
810 1715 854 1773 καί
871 1716 917 1785 τὴν
936 1715 1056 1794 ἰατρικὴν

272 1811 364 1879 πυξίδα
382 1809 499 1868 καλοῦσι’
512 1804 643 1864 κυλικίδα.
662 1808 736 1861 iiiuc
755 1824 806 1862 sua
823 1806 906 1863 duxit
928 1809 1004 1864 Eust.
1020 1806 1056 1862 ad

270 1900 370 1972 Odyss.
391 1917 420 1971 p.
437 1895 524 1964 1583,
540 1902 589 1960 4ο.
604 1919 616 1943 ν
635 1896 660 1948 B
672 1896 714 1952 M.
729 1895 837 1951 Dixerit
849 1895 935 1969 igitur
948 1897 1013 1952 Ant.
1032 1913 1038 1947 :

367 2047 408 2060 -
429 2011 710 2099 Κατεσκιυαομένος

318 2117 531 2211 λαμπρότατον
548 2117 673 2208 ἰατρεῖον
690 2115 849 2208 εὐχάλκοις
866 2113 944 2179 ποίνυ

319 2223 531 2320 λουτιρίοισιν,
549 2218 753 2316 ἐξαλείπτροις
768 2273 777 2308 ,
795 2219 977 2315 κυλιχνίσιν,

319 2337 481 2419 σικόαισιν,
497 2332 697 2399 ὑποθέτοισιν.

429 2492 560 2552 cxxvi.
577 2488 895 2549 ἸῬΙΤΑΙὮΝΙΣΓΙΙΣ

311 2626 414 2682 Athen.
434 2631 481 2694 ι4,
492 2643 523 2699 p.
541 2622 609 2693 643,
623 2627 649 2679 D
663 2623 763 2679 :roiam
776 2620 821 2677 καλ
835 2622 850 2677 ό
864 2617 992 2698 Κυθήριος
1004 2619 1055 2678 (θι-

270 2712 385 2785 λόξινος,
394 2712 422 2771 δν
437 2714 549 2771 ἐπαινῶν
563 2710 631 2771 Ἀντ.
649 2712 675 2769 ἕν
692 2712 729 2790 τῷ
742 2711 941 2789 Τριταγωνιστῇ
952 2729 1016 2787 φησι

320 2832 407 2897 Πολό
424 2825 451 2923 γ’
468 2827 532 2896 ἐστὶ
548 2826 671 2895 πάντων
686 2838 748 2894 τῶν
762 2836 898 2899 ποιητῶν
914 2818 1056 2919 διαίρορος

231 2938 234 2944 ’
317 2942 334 3002 ό
351 2931 510 3014 Φιλόξενός
524 2932 629 3030 (πως)
641 2956 649 2971 ·
661 2943 766 3028 πρῶτα
781 2934 835 3025 μὲν
848 2932 903 3027 γδιρ
913 2934 1056 3027 ὀνόμασιν

320 3035 426 3109 ἰδίοισι
443 3044 495 3110 καὶ
513 3049 643 3109 καινοῖσι
661 3051 772 3134 χρῆται
790 3050 955 3133 πανταχοῦ·

318 3151 424 3217 ἔπειτα
439 3149 479 3215 τδι
494 3153 570 3239 μελη
584 3143 767 3240 μεταόολαῖς
786 3146 837 3212 καὶ
851 3150 1007 3239 χρώμασιν

272 3253 292 3322 5
319 3263 358 3333 ὠς
376 3255 406 3323 εὖ
423 3248 581 3347 κέκραταιί
602 3254 665 3330 θεὸς
682 3255 713 3318 ἐν
729 3253 926 3346 ἀνθρώποισιν
946 3253 982 3326 ἦν

319 3366 449 3446 ἐκεῖνος,
467 3355 553 3439 εἰδὼς
565 3367 623 3435 ’τὴν
639 3362 758 3437 ἀληθῶς
777 3364 931 3452 μουσικόν·

318 3460 459 3535 οἱνδνδὲ
481 3470 774 3553 κισσόπλεκτα,
801 3469 1054 3561 καὶκριιναῖα,

1046 3574 1054 3596 ι

1006 3601 1057 3641 και

319 3683 644 3763 ἀνθεσιπότατα,
668 3687 762 3774 μελεα
793 3687 910 3774 μελέοις
931 3683 1057 3776 ὀνόμασι

319 3801 468 3876 ποιοῦσιν,
485 3793 686 3881 ἐμπλέκοντες
701 3790 885 3882 ἀλλότριον,
903 3792 991 3881 μελη.

273 3923 382 3975 Versus
393 3942 449 3984 πιος
461 3921 589 3976 haustum
598 3930 647 3989 est,
663 3920 779 3994 opinor,
793 3936 810 3974 a
821 3929 957 3992 sequente
968 3941 1054 3995 arpo,

268 4009 343 4062 'sicut
358 4009 426 4064 alias
438 4009 509 4083 lapsi
525 4017 590 4063 sunt
605 4010 633 4061 in
649 4008 741 4064 verbis
759 4003 825 4077 πὼς,
840 4003 904 4082 πρὸς
918 4018 946 4063 et
957 4008 1046 4062 simili·

270 4096 322 4150 lrns
337 4116 342 4148 :
357 4116 384 4153 v.
400 4114 467 4153 ann.
488 4095 524 4151 ad
536 4097 627 4154 Thrae.
643 4093 669 4164 5,
686 4093 752 4165 105,
771 4096 932 4153 cicilinus
955 4097 1057 4152 usitate

270 4184 429 4258 Sclrweiglr.
447 4179 480 4240 τδ
499 4184 603 4261 πρῶτα,
624 4202 746 4258 operose
764 4180 857 4239 Dobr.
872 4194 901 4238 et
918 4183 965 4238 alii
981 4181 1056 4260 πρώ·

270 4291 357 4327 τιστα.
374 4274 408 4331 V.
426 4270 442 4326 3
458 4271 524 4327 libri
542 4270 614 4336 ἰδίοις
632 4268 678 4328 καὶ
701 4276 830 4343 καινοῖσι,
854 4289 917 4343 quae
930 4273 1056 4327 correxit

269 4359 385 4415 Grotius
391 4359 523 4435 Excerpt.
535 4379 565 4436 p.
576 4359 646 4435 629.
658 4363 690 4418 V.
705 4368 721 4428 4
732 4357 765 4415 τδι
775 4359 890 4413 immisit
899 4359 1054 4433 Schweigh.

269 4450 301 4504 V.
315 4449 332 4501 6
347 4444 394 4517 τὴν
405 4449 447 4505 cil.
464 4467 518 4521 pro
532 4448 650 4516 τάληθῶς
663 4448 742 4504 Grot
759 4451 795 4505 V.
817 4468 832 4518 7
844 4448 883 4502 sic
901 4449 986 4503 Mein.
999 4467 1054 4522 pro

270 4533 451 4606 κισσόπλτριτα
463 4536 504 4613 (Α
517 4534 708 4613 κισόπληκια),
721 4536 906 4610 similiterque
916 4548 1053 4610 posteum

269 4626 360 4680 Dnbr.
385 4625 458 4684 adv.
477 4644 506 4694 α,
522 4644 551 4698 p.
571 4624 639 4696 349.
657 4627 689 4682 V.
709 4625 727 4679 8
743 4625 809 4681 cod.
823 4627 848 4680 A
863 4622 1054 4680 δνθεοιπότατιί

270 4733 296 4766 τι
305 4710 396 4784 μέλεα.
410 4714 499 4787 Vulgo
510 4712 664 4768 secundum
676 4713 769 4767 Elmsl.
781 4712 818 4767 ad
829 4712 951 4768 dcharn.
965 4712 1048 4778 1151,

269 4799 460 4856 ἀνθεσιπότατα
486 4799 578 4874 μέλεα,
602 4799 701 4865 ΙΙιιιιιιο
732 4796 925 4868 δνθεοιπότητοι
946 4802 1051 4869 active,

270 4904 325 4959 qna
337 4886 373 4940 dc
384 4905 415 4941 re
427 4886 464 4941 ad
476 4887 563 4960 Soph.
580 4888 699 4946 Philoct.
714 4885 783 4945 658.
795 4889 828 4944 V.
849 4907 868 4959 9
883 4888 947 4941 libri
963 4887 1051 4942 ambi·

270 4991 324 5046 gne
336 4970 479 5049 ἀλλότρια,
492 4994 519 5029 ον
537 4983 564 5029 et
578 4995 595 5029 α
611 4974 748 5045 confusis,
769 4985 801 5029 ut
815 4976 869 5030 illis
887 4976 971 5045 loeis,
988 4994 1052 5049 quse

648 5144 676 5192 2.

340 5256 376 5266 -
388 5228 534 5299 Postquam
549 5226 675 5281 instruxit

270 5310 521 5384 splendidissimum
536 5311 647 5367 iatrium
658 5312 742 5368 aeneis
753 5313 865 5369 omniuo

271 5401 382 5468 balneis,
393 5401 546 5473 exaiiptris‚
558 5400 697 5467 caliculis,

269 5490 635 5562 cucurbitis,suppositurus.

385 5579 597 5632 riztt'ttutttiu
621 5576 785 5631 esuriunt
810 5577 938 5631 sciuit.

307 5663 425 5718 Multum
438 5662 640 5735 quodammodo
653 5661 783 5717 omnibus
793 5663 878 5734 poetis
891 5663 1028 5719 antecellit

306 5750 479 5806 Philoxenus.
497 5750 619 5805 Primum
634 5750 706 5805 enirn
722 5749 859 5806 vocabulis

307 5836 422 5908 propriis
436 5837 566 5906 notisque
576 5836 662 5891 utitur
671 5851 793 5907 seraper;

305 5925 367 5978 dein
383 5925 488 5979 cantica
502 5923 696 5979 variationibus
709 5932 791 5995 atque
803 5920 939 5979 coloribus

270 6018 285 6063 ἔν
304 6025 384 6080 quarn
396 6010 464 6065 bene
477 6018 541 6065 sunt
551 6010 649 6064 mixta!
666 6008 733 6065 deus
745 6010 815 6065 inter
827 6009 950 6065 homines
960 6009 1011 6065 suit
1075 6082 1078 6099 Ι

304 6096 349 6150 iile
367 6111 436 6152 verae
453 6097 553 6166 peritus
570 6096 682 6151 musieae
700 6114 705 6147 :

783 1499 922 1558 uisura
943 1498 1151 1559 COMOEuiAE
1172 1498 1377 1571 neruouus.

1102 1631 1207 1686 indicat
1222 1633 1295 1687 Bast.
1312 1632 1425 1687 Dissert.
1445 1632 1578 1705 palangr,
1595 1650 1624 1703 p.
1639 1650 1691 1701 77¹
1706 1653 1713 1699 ς
1731 1632 1766 1689 cl.
1784 1632 1892 1688 indices

1101 1720 1226 1794 AEschyli
1236 1732 1264 1776 et
1277 1720 1427 1794 Euripidis.

1304 1862 1449 1928 cxxvii.
1472 1862 1685 1922 ΤΙῬΡΗΝΟΣ.

1142 2106 1245 2163 Athen.
1262 2105 1290 2175 6,
1309 2123 1339 2179 p.
1353 2112 1426 2174 240,
1443 2106 1483 2179 θ’,
1507 2106 1544 2163 de
1564 2108 1738 2181 Titlrymalln
1760 2112 1887 2183 parasito

1103 2190 1179 2247 dicta
1191 2193 1374 2247 comicorum
1393 2193 1513 2249 alicrcns
1531 2210 1536 2249 :
1552 2191 1618 2253 Ἀντ.
1635 2195 1765 2273 Τυρρηνῷ
1776 2196 1830 2272 (sic
1845 2200 1890 2254 t‘v

1101 2297 1154 2352 pro
1174 2281 1290 2354 vulgato
1311 2278 1513 2358 ΤυρρηνικιξίΓι
1536 2280 1586 2359 γδρ
1599 2280 1675 2353 ituro
1698 2290 1808 2362 προῖκα,
1833 2298 1887 2342 etc.

1101 2364 1292 2424 Probabiliter
1301 2366 1406 2424 scribas

1149 2510 1181 2551 α.
1194 2482 1329 2576 Γεροίτων
1342 2484 1378 2552 τὸ
1392 2492 1502 2576 προῖκα
1516 2492 1580 2562 τοῖς
1601 2482 1700 2575 φίλοις
1721 2491 1888 2580 ὑπηρετεῖν.

1153 2596 1183 2676 β.
1200 2595 1303 2685 Λέγεις
1312 2593 1431 2659 ἔσεσθαι
1445 2594 1497 2660 τὸν
1516 2594 1717 2685 Τιθύμαλλον
1731 2597 1887 2661 πλούσιον·

1150 2697 1341 2789 εἰσπράξεται
1360 2697 1416 2792 γδιρ
1430 2700 1534 2790 μισθὸν
1550 2702 1584 2764 ἐκ
1593 2710 1646 2767 τοῦ
1661 2712 1713 2766 σοῦ
1731 2701 1824 2793 λόγου

1149 2800 1220 2895 παρ’
1231 2802 1275 2881 οἷς
1287 2798 1417 2872 ἐδείπνει
1433 2814 1543 2898 προῖκα
1559 2806 1699 2889 σόλλεξιν
1713 2812 1834 2901 συχνόν.

1102 2933 1224 3013 Γερότων
1238 2936 1317 3011 (scil.
1334 2936 1390 3011 τι),
1403 2942 1582 3016 prrcnrioruur
1595 2937 1706 2993 honoris
1718 2958 1806 2994 unum
1823 2955 1830 2997 t
1843 2962 1889 3012 μι-

1102 3022 1163 3081 σθὸν
1183 3035 1211 3080 et
1225 3020 1343 3089 σόλλιξιν
1363 3021 1462 3101 συχνὴν
1484 3025 1553 3079 dicit
1573 3026 1645 3081 alter
1666 3026 1826 3086 subridens.
1844 3030 1890 3083 Est

1101 3114 1177 3170 enim
1190 3114 1250 3168 haec
1266 3114 1369 3168 horum
1386 3114 1525 3169 sententia
1536 3129 1543 3171 :
1555 3115 1709 3189 parasitum
1729 3116 1816 3190 gratis
1831 3134 1890 3171 ser·

1102 3200 1207 3256 viendo
1232 3201 1330 3256 amicis
1348 3212 1412 3275 post
1425 3202 1532 3275 premii
1549 3202 1613 3258 loco
1628 3220 1759 3277 magnum
1777 3203 1813 3258 ab
1835 3204 1890 3259 illis

1102 3290 1251 3345 collectam
1263 3289 1403 3361 accipere.
1414 3288 1470 3345 Sed
1482 3285 1559 3365 γέρας
1569 3299 1598 3344 et
1608 3290 1698 3363 ipsum
1710 3289 1841 3346 honorem
1850 3293 1888 3345 in·

1102 3378 1224 3451 telligas,
1236 3387 1269 3431 ut
1286 3375 1363 3451 apud
1381 3377 1533 3433 Pindarum
1555 3377 1598 3431 Ol.
1619 3376 1649 3447 8,
1662 3385 1709 3448 74.
1726 3378 1889 3453 Legebatur

1101 3477 1218 3522 auctore
1228 3465 1479 3522 Erfurdtobserv.
1489 3484 1519 3540 p.
1533 3462 1890 3543 447,Ἀρετὴιδτιρ.,ιριιοιθ

1103 3572 1204 3630 parum
1218 3556 1378 3611 uerisimile.
1391 3558 1425 3613 V.
1442 3574 1459 3609 α
1469 3551 1513 3610 τὸν
1523 3554 1634 3609 addidit
1647 3554 1806 3629 Schweiglr.
1824 3558 1856 3613 V.
1872 3557 1888 3611 3

1103 3649 1158 3708 etl.
1175 3640 1241 3786 lillpri
1259 3630 1288 3699 εδ
1307 3639 1434 3718 πράξεται
1450 3653 1478 3697 et
1490 3638 1635 3710 συλλέξειν,
1652 3661 1714 3716 quae
1725 3642 1889 3699 emendarit

1102 3729 1189 3785 Casan
1214 3772 1220 3785 .
1501 3737 1503 3742 '
1555 3732 1563 3746 ⁶

1481 3845 1507 3884 α.

1142 3937 1222 3992 idem
1236 3957 1264 4007 7,
1279 3955 1309 4009 p.
1326 3935 1395 4012 δας),
1410 3938 1432 3991 Ε
1448 3957 1454 3991 :
1471 3931 1511 3990 ότι
1525 3934 1553 3993 δὲ
1568 3938 1682 4014 θρᾷτταν
1698 3934 1827 4011 ἔλεγοντδ
1840 3940 1889 3994 θα-

1101 4021 1205 4080 λιίττιον
1227 4022 1360 4100 ἰχθύδιον,
1379 4021 1427 4081 καὶ
1443 4020 1640 4100 Ἀναξανδρίδης
1666 4020 1886 4099 παρίστησι,

1100 4108 1145 4167 καί
1157 4108 1226 4168 Ἀντ.
1244 4110 1271 4167 ἐν
1281 4112 1428 4190 Τυρρηνῷ,

1150 4255 1179 4294 α.
1203 4231 1304 4318 Δήμου
1315 4220 1346 4292 δ’
1358 4224 1486 4305 λλαιιός
1504 4230 1598 4294 ἐστιν·
1621 4226 1651 4292 ἓν
1665 4225 1721 4320 γδιρ
1734 4229 1825 4293 τοῦτό
1835 4253 1887 4318 μοι

1148 4337 1184 4402 τὸ
1205 4337 1314 4401 λοιπόν
1330 4339 1408 4417 ἐστι,
1429 4337 1480 4401 καὶ
1496 4345 1595 4411 κακῶς
1613 4335 1790 4422 ιὶκοόσομαι.

1151 4446 1180 4524 β.
1200 4439 1240 4505 Τί
1267 4434 1347 4514 δῆτα
1375 4453 1486 4525 τοῦτο,
1510 4469 1539 4507 α.
1571 4437 1744 4532 Θρᾷττανδ
1771 4438 1888 4527 ψὴττοὶν

1774 4572 1847 4626 τιν,
1868 4573 1887 4616 u

1149 4656 1303 4747 μύραιναν,
1322 4652 1339 4725 ἢ
1357 4655 1449 4719 κακόν
1464 4653 1495 4720 τί
1512 4680 1563 4744 μοι
1575 4646 1668 4719 δώσει
1690 4654 1765 4744 μέγα

1101 4753 1120 4823 5
1147 4758 1318 4825 θαλάττιον.

1099 4892 1186 4945 Versu
1204 4907 1213 4942 ι
1228 4885 1360 4957 Ἁλαιεύς,
1370 4884 1457 4952 ‘dicit
1468 4887 1614 4957 oriundus,
1627 4887 1704 4960 quod
1717 4887 1771 4942 luit
1781 4905 1886 4941 nomen

1099 4976 1222 5031 duorum
1244 4977 1342 5031 Atticae
1362 4976 1523 5031 demortuo.
1555 5001 1565 5023 ο
1588 4976 1695 5049 Spiritu
1713 4994 1814 5049 aspero
1831 4976 1888 5028 hor

1419 5142 1565 5197 Tuscus.

1483 5268 1505 5316 1.

1100 5381 1126 5422 a.
1143 5369 1284 5422 Honorum
1295 5366 1413 5437 pretium
1428 5373 1471 5423 est
1481 5365 1565 5436 gratis
1575 5364 1787 5419 servircamicis.

1101 5454 1128 5507 Ιι.
1145 5453 1339 5525 'tithymallum
1354 5453 1466 5508 divitem
1478 5450 1601 5507 futurum
1611 5452 1698 5517 dicis3

1100 5540 1188 5610 eriget
1197 5540 1269 5594 enirn
1281 5538 1434 5595 mercedem
1447 5538 1599 5593 secundum
1614 5547 1640 5592 te
1655 5537 1690 5591 nb
1703 5538 1750 5602 iis,

1100 5626 1171 5696 apud
1183 5641 1252 5696 quos
1261 5625 1345 5693 gratis
1359 5624 1504 5690 coenobat,
1520 5625 1664 5686 collectam
1676 5638 1811 5693 mapsam.

1478 5733 1502 5780 θ.

1075 5843 1078 5892 3
1135 5847 1160 5884 a.
1173 5831 1252 5885 Demi
1266 5829 1451 5885 iialaeensiurn
1464 5837 1505 5884 est
1522 5849 1526 5882 ;
1541 5828 1642 5885 scilicet
1655 5829 1706 5885 troc
1720 5844 1805 5884 unum

1136 5917 1201 5971 nrilri
1214 5924 1344 5987 superest,
1358 5915 1481 5987 quamvis
1494 5916 1563 5969 maie
1575 5915 1700 5971 auditura
1715 5916 1776 5970 sim.

1135 6006 1162 6059 ir.
1171 6005 1242 6074 Quid
1262 6003 1390 6060 autemid
1411 6010 1452 6058 est
1464 6007 1475 6055 t
1485 6018 1510 6058 a.
1523 6004 1675 6069 't‘tnauam
1688 6004 1727 6059 rel
1740 6003 1885 6059 rhoruiiunr

1751 6091 1884 6161 {aliquem

304 6184 428 6238 trndierni
442 6200 504 6240 vcro
518 6183 631 6238 laederis
646 6183 791 6248 redimita,
804 6190 830 6236 et
837 6182 979 6251 forticen,
1074 6205 1078 6255 ρ
1136 6182 1175 6234 vei
1191 6193 1356 6242 muroenamr
1373 6186 1418 6235 aut
1440 6178 1514 6233 aliud
1535 6177 1637 6233 uraluui
1656 6178 1721 6233 milri
1736 6178 1810 6233 dabit
1831 6193 1885 6230 ma·

300 6279 325 6323 rt
341 6274 368 6322 in
380 6272 494 6334 {loribus
505 6272 699 6330 ambulantia,
720 6270 818 6323 misera
836 6270 939 6323 miseris
951 6271 1038 6324 tertiis
1074 6262 1078 6357 l
1781 6282 1882 6333 ιμοιιιιι

304 6360 408 6413 faciunt
418 6400 424 6423 ‚
435 6360 551 6429 implexo
565 6358 669 6422 alieno,
687 6365 818 6428 postrata,
1074 6364 1078 6417 Ι
1099 6364 1115 6412 5
1135 6357 1280 6412 marinum.
