4084 8009
259 1498 318 1549 tat

288 1607 294 1616 ⁸
332 1621 459 1700 Πάττος
480 1623 534 1688 ἀπ’
558 1620 688 1698 ἀκάνθης
704 1617 839 1715 (ἐστίν)·
862 1621 965 1690 οθτοσὶ
987 1620 1047 1717 γὰρ

973 1724 1048 1823 (νυ

332 1836 393 1911 νέος
408 1836 461 1926 μὲν
475 1832 516 1899 ὧν
538 1836 661 1907 ἕστηκεν
675 1837 705 1899 ἐν
722 1843 767 1920 τῷ
783 1839 954 1928 σπέρματι,

262 1961 308 2007 ao
333 1943 406 2006 ὅταν
417 1931 446 2004 θ’
458 1934 601 2032 ἀπούάλῃ
614 1950 723 2025 τοῦτο,
735 1943 862 2007 πέτεται
877 1952 983 2033 κοῦφος
994 1939 1046 2024 ὢν,

333 2040 477 2118 θηπουθεν
494 2045 551 2110 ὑπὸ
567 2053 628 2110 τῶν
642 2039 772 2110 παιδίων
789 2049 970 2138 φυσώμενος.

334 2141 426 2218 ἔστιν
440 2146 575 2242 ἄγαλμ’,
590 2148 606 2216 θ
621 2146 747 2235 βιύηκὸς
763 2148 825 2216 ἄνω
835 2201 844 2237 ,
856 2148 898 2217 τὰ
914 2150 1000 2217 κάτω
1014 2143 1048 2217 di

470 2313 473 2319 .
903 2257 1045 2347 κεχηνὸς,

334 2359 375 2438 εἰς
389 2354 485 2438 πόδας
500 2364 533 2427 ἐκ
547 2368 679 2452 κεφαλῆς
699 2365 894 2455 τετρημένον,
911 2358 962 2441 ὀξὺ
978 2357 1048 2429 δια.

972 2471 1047 2559 πρὸ,

334 2571 506 2663 ἀνθρώπους
523 2569 620 2639 τίκτει
634 2570 716 2639 κατὰ
731 2577 787 2647 ’τὴν
806 2577 905 2667 πυγὴν
925 2570 956 2639 ἓν
977 2576 1049 2639 ina·

961 2704 1048 2765 στον,

263 2776 308 2851 25
336 2778 376 2847 ών
386 2783 413 2849 οἱ
424 2786 477 2875 μὲν
489 2780 593 2876 μοίρας
603 2784 715 2875 ἔλαχον
729 2784 811 2869 βίου,
826 2787 852 2852 οἱ
863 2778 897 2853 δὲ
909 2793 1069 2853 alands-³

980 2913 1046 2955 ται·

337 2995 411 3060 αὐτὸ
421 2987 450 3061 θ’
468 2998 596 3063 ἕκαστον
610 2996 690 3086 ἔχειν
701 2987 784 3062 αὐδῶ
794 3045 803 3081 ,
815 2991 939 3063 κάλλων
949 3022 985 3089 γε
999 3021 1052 3087 φυ-

907 3101 1050 3171 λάττειν.

303 3284 316 3310 ι
331 3260 458 3317 Primum
472 3261 592 3337 aenigma
606 3270 717 3336 spectat
731 3261 769 3317 ad
782 3261 931 3319 callistrati
945 3274 1052 3318 eontu-

264 3348 393 3418 meliam,
408 3349 531 3404 hominis
545 3351 575 3404 in
590 3348 812 3405 administranda
822 3352 970 3426 republica
979 3365 1052 3409 stre-

263 3436 314 3491 nui
326 3454 359 3492 ac
372 3435 530 3511 diligentis,
553 3436 603 3492 sed
617 3438 728 3494 luxurie
741 3437 847 3512 perditi
864 3459 871 3494 ι
887 3458 914 3499 v.
934 3459 1001 3498 ann.
1015 3441 1052 3495 ad

264 3525 395 3596 Antiopae
413 3524 505 3600 fragm
526 3542 554 3579 α.
572 3525 608 3581 V.
630 3522 646 3578 3
663 3534 825 3599 opportune
844 3527 959 3585 Jacobs.
979 3530 1052 3585 Ani-

263 3610 359 3669 madv.
386 3629 433 3680 ra,
457 3631 489 3686 p.
515 3609 584 3681 348,
607 3612 684 3685 apud
712 3614 834 3670 Brunek.
862 3615 992 3676 Analect.
1021 3617 1053 3691 3,

264 3716 294 3772 p.
312 3697 385 3769 320,
398 3700 497 3755 laudat
516 3700 565 3754 illa
579 3696 723 3773 Euripidis
734 3701 831 3756 Phoen.
847 3699 921 3757 1510
938 3722 944 3757 :
961 3700 1052 3769 δυσξυ-

264 3781 338 3841 νίτου
350 3782 450 3851 ξυνετὸς
462 3783 540 3861 με’λος
553 3784 621 3862 ἔγνον
633 3783 763 3864 Σφιγγὸς,
775 3798 803 3842 et
813 3788 879 3863 Iph.
895 3792 928 3846 T.
949 3808 1023 3864 1092
1044 3811 1050 3846 :

264 3866 395 3937 εὐξύνετον
422 3870 546 3939 ξυνετοῖσι
573 3871 651 3950 βοάν.
673 3874 771 3949 (Libri
802 3872 880 3948 νόμον
903 3875 933 3932 ἐκ
952 3875 1051 3952 νόμου,

265 3960 345 4034 quod
361 3963 483 4020 correxi.
495 3960 598 4037 aaa.)
613 3963 648 4019 V.
660 3969 690 4027 4.
702 3964 754 4018 His
764 3962 913 4019 callistrati
924 3968 1053 4022 versatile

265 4060 295 4104 et
306 4048 440 4105 callidum
450 4048 596 4124 ingenium
607 4049 794 4124 vituperatur.
808 4051 857 4105 ιΕ
865 4052 910 4109 Μ.
926 4050 963 4112 V.
981 4071 999 4126 9
1012 4056 1053 4110 sir

265 4137 387 4196 (ἶαοειιιίν.
397 4137 476 4194 Libri
490 4138 548 4194 lere
561 4132 587 4193 τί
608 4134 865 4214 βουλετενευμάτων.
882 4140 915 4195 V.
934 4156 970 4194 10
986 4140 1055 4196 libri

266 4226 369 4282 vitiose
380 4223 636 4306 Ἀττιλιύθφθαλμος
651 4223 689 4301 μθ,
698 4224 862 4302 πρόστομος,
874 4223 1055 4307 ἀμφεκίφαλος

266 4311 346 4390 (cod.
364 4310 387 4367 V
398 4311 640 4393 ἀμφικνάφαλλος).
654 4337 668 4364 ι
680 4314 799 4373 Casaub.
811 4325 861 4369 aut
875 4312 1055 4393 ἀμφικίφαλος

266 4386 424 4474 penultima
435 4402 581 4477 producta
592 4403 617 4477 (l
627 4403 634 4455 l
645 4402 666 4477 ),
678 4412 728 4456 aut
738 4397 917 4479 ἀμφικάρηνος
928 4404 1054 4459 scriben-

266 4488 336 4545 dum
347 4500 439 4565 putat.
452 4487 676 4570 (Ἀμφικνεφαῖος,
687 4490 879 4558 tenebricorus,
894 4492 1055 4547 intenebris

266 4596 368 4653 repens
375 4580 419 4636 vel
425 4582 532 4636 volans.
544 4579 627 4634 Both.
636 4578 656 4654 ).
666 4582 814 4652 Bicipitem
824 4576 880 4657 (¹4)
891 4580 1056 4636 ichneumo-

267 4685 332 4724 nem
338 4678 433 4738 vocat,
443 4669 511 4741 quia
521 4667 580 4739 ejus
589 4665 682 4723 cauda
690 4666 814 4741 speciem
820 4668 945 4741 aliquam
956 4670 1057 4742 eapitis

267 4772 364 4827 praese
378 4755 433 4810 fert
447 4774 493 4811 :v.
510 4754 658 4809 laudatum
671 4774 685 4808 a
697 4755 758 4811 Cas.
772 4755 935 4829 Oppianum
948 4756 1054 4830 Cyneg.

268 4843 300 4908 3,
317 4840 372 4905 436
383 4859 462 4914 seqq.
471 4844 538 4897 Post
549 4859 659 4897 versum
675 4860 707 4897 11
723 4842 809 4899 libri:
829 4840 959 4919 ἰχνεύμων
973 4839 1055 4918 Αἰγύ-

267 4947 351 4991 πτιος.
365 4927 675 5002 (interpretamentum,
689 4928 769 5002 quod
784 4928 886 4988 delevi.
898 4929 1033 5004 Both.)C
1047 4949 1053 4983 :

268 5011 338 5070 ἔστιν
349 5014 372 5070 δ’
384 5015 438 5092 ῖχν.
450 5016 512 5092 Αἰγ.
520 5015 613 5090 (quod
623 5014 866 5071 estversifleatoris
872 5008 1062 5075 maleleriati.

268 5100 378 5177 Boin).
391 5106 426 5163 V.
443 5103 477 5159 13
490 5107 641 5181 θηριοῦσθαι
653 5105 812 5179 Scltweigh.
826 5116 905 5161 recte
919 5106 1058 5180 interpre-

269 5201 347 5246 tatur
357 5189 395 5246 ad
403 5191 534 5266 perlecta
547 5192 649 5247 belluae
667 5203 777 5248 aetatem
788 5210 821 5249 ac
833 5193 1056 5268 magnitudinem

268 5280 428 5355 pervenire.
444 5280 551 5336 Eodem
564 5281 653 5336 modo
665 5281 793 5337 homines
803 5281 939 5337 dicuntur
949 5281 1057 5360 ἀνδροθ·

270 5370 339 5425 σθαι.
357 5367 433 5425 lbid.
457 5363 598 5443 καταγνύει
619 5379 679 5443 pro·
695 5369 896 5444 (inconcinnol
914 5366 1057 5446 κατάγνυσι

269 5456 389 5515 Porson.
406 5456 443 5512 ad
457 5455 563 5512 Medea
575 5456 642 5527 743.
653 5457 689 5514 V.
706 5462 739 5521 ι4
753 5458 834 5515 Grot.
845 5454 867 5513 δ’
879 5454 933 5513 ἔστ’
946 5477 1001 5532 pro
1016 5454 1055 5514 δι’.

269 5545 303 5601 V.
323 5541 358 5599 15
373 5545 548 5618 antiquiores
569 5544 654 5600 codd.
678 5540 790 5603 δάκνων.
814 5547 849 5604 V.
869 5563 902 5616 ¹7
924 5547 973 5622 γῆν
1001 5544 1058 5623 ἀφ,

270 5643 372 5688 tenum
384 5633 547 5702 abscondit,
562 5632 592 5689 h.
608 5650 635 5689 e.
652 5633 683 5687 in
700 5633 789 5689 altum
801 5634 931 5689 evehitur
948 5636 1004 5704 ita,
1026 5645 1058 5689 ut

330 5799 437 5869 Pappus
449 5795 541 5853 cardui
556 5813 563 5850 ι
576 5795 600 5852 is
614 5796 686 5852 enim

326 5883 453 5944 nnumin
465 5882 548 5938 herba
560 5884 701 5949 consistit;

272 5974 308 6025 κθ
327 5984 359 6026 ea
370 5985 433 6027 vero
446 5970 550 6042 abjecta
562 5971 634 6027 volat
645 5971 723 6038 levis,

325 6056 392 6113 flatu
404 6057 534 6114 nimirum
544 6073 691 6132 puerorum
703 6067 788 6116 actus.

329 6147 376 6201 Est
388 6144 493 6217 effigies
506 6146 536 6202 in
548 6147 635 6203 altum
646 6147 763 6204 tendens
772 6156 800 6204 et
811 6148 880 6205 inira
896 6149 992 6217 hians.

327 6248 341 6285 a
354 6230 468 6302 pedibus
479 6231 513 6287 ad
526 6243 609 6306 caput
618 6234 753 6306 perforata
764 6245 790 6292 et
802 6240 914 6294 ommno
926 6247 1019 6306 acuta,

328 6334 389 6390 qua
400 6317 522 6389 singulos
535 6321 604 6393 parit
616 6321 739 6379 homines
751 6322 847 6395 podice
861 6342 866 6376 :

770 1487 905 1547 nanta
927 1466 1132 1550 commota
1153 1490 1360 1564 restaura.

1094 1633 1176 1679 terre
1195 1625 1345 1699 adspectus
1361 1624 1387 1680 ei
1398 1622 1585 1680 subducatur..
1600 1621 1734 1679 Similiter
1746 1623 1890 1699 Virgilius

1093 1708 1155 1769 AEn.
1171 1712 1203 1783 3,
1218 1731 1272 1785 291
1291 1732 1297 1766 :
1312 1709 1466 1769 Phaeacum
1480 1711 1676 1768 abscondimus
1687 1729 1783 1779 arces,·
1796 1722 1827 1767 et
1838 1711 1890 1768 Se·

1092 1815 1165 1853 neca
1179 1800 1266 1873 Epist.
1288 1817 1337 1871 70,
1356 1818 1385 1872 p.
1411 1799 1482 1868 ι84,
1502 1804 1653 1873 pueritiam
1671 1810 1756 1872 atque
1781 1800 1888 1853 adole-

1092 1893 1225 1942 scentiam
1237 1888 1406 1942 abscondere
1418 1887 1492 1943 dixit
1505 1905 1568 1956 eos,
1582 1888 1631 1961 qui
1642 1888 1724 1961 pueri
1739 1898 1767 1942 et
1781 1885 1889 1943 adole·

1093 1987 1201 2030 scentes
1221 1994 1278 2032 esse
1298 1976 1445 2045 desinunt3
1467 1974 1550 2031 Plato
1573 1986 1667 2032 autem
1683 1987 1831 2044 evectum,
1852 1986 1889 2029 ut

1093 2075 1223 2132 nautam,
1242 2065 1272 2118 in
1285 2065 1373 2119 altum
1389 2083 1552 2120 sermonum
1566 2081 1664 2133 mare,
1684 2059 1787 2141 φεύγειν
1802 2065 1839 2127 εῖς
1856 2061 1889 2119 τὸ

1094 2149 1208 2226 πέλαγος
1228 2153 1279 2208 τιῗιν
1299 2150 1393 2227 λόγων,
1414 2150 1603 2231 ἀποκρύψαντα
1621 2154 1682 2225 γῆν.
1697 2156 1732 2211 V.
1761 2152 1796 2208 18
1815 2163 1889 2227 apte

1095 2251 1261 2316 comparant
1271 2242 1420 2316 Sophoclis
1431 2260 1542 2297 versum
1555 2241 1656 2317 fragm.
1668 2241 1726 2312 748
1741 2257 1749 2298 :

1135 2366 1226 2445 γραίας
1241 2365 1353 2438 ἀκάνθης
1365 2365 1474 2434 πάππος
1485 2370 1520 2434 ὡς
1531 2364 1695 2446 φυσώμενος.
1708 2393 1719 2418 ν

1096 2498 1121 2551 E
1133 2498 1175 2553 M.
1187 2498 1308 2571 Explevi
1321 2515 1444 2553 versum.
1461 2498 1497 2554 V.
1512 2515 1548 2552 aa
1565 2496 1632 2551 libri
1650 2497 1745 2570 pravis
1758 2498 1890 2553 numeris

1096 2579 1205 2658 ἄγαλμα
1221 2580 1332 2659 βιθηκθς
1343 2580 1406 2652 ἀνευ,
1420 2593 1476 2641 ete.
1492 2586 1527 2641 V.
1544 2582 1580 2638 23
1594 2579 1689 2659 διαπρὸ
1702 2582 1831 2638 Lobeck.
1847 2584 1889 2640 ad

1096 2670 1202 2744 Phryn.
1214 2690 1247 2745 p.
1261 2672 1331 2738 6ε4.
1342 2672 1473 2745 Plerique
1487 2670 1575 2727 codd.
1590 2667 1740 2746 διάτρωτον,
1758 2672 1808 2727 VL
1821 2669 1890 2727 διά-

1095 2778 1164 2835 τρις.
1177 2762 1209 2817 V.
1223 2768 1260 2828 α4
1275 2758 1356 2816 τίκτει
1365 2760 1524 2834 Schweigb.
1537 2778 1592 2834 pro
1601 2755 1708 2835 τίκτειν,
1721 2759 1801 2833 quod
1812 2760 1889 2835 legi·

1096 2857 1142 2902 tur
1153 2846 1270 2904 inlibris
1281 2850 1358 2905 PVL.
1372 2849 1464 2922 Vulgo
1478 2844 1576 2922 τίκτον,
1589 2858 1621 2902 ut
1636 2849 1704 2921 epit.
1717 2848 1888 2922 Hoescbelii‚

1097 2938 1309 2992 constructione
1322 2936 1479 2993 verborum
1499 2935 1647 3010 impedita.
1660 2938 1693 2992 V.
1712 2935 1748 2992 26
1763 2938 1890 3010 pessime

1096 3025 1163 3080 libri
1177 3020 1241 3081 αὗτθ
1255 3023 1278 3080 δ’
1291 3020 1397 3089 ἕκαστος
1410 3021 1478 3100 ἔχων
1489 3022 1577 3094 αὑτὸν,
1588 3020 1676 3080 καλέω
1689 3021 1715 3080 dl
1729 3021 1886 3101 φυλάττειν.

1097 3114 1246 3187 Emperius
1255 3110 1347 3191 κόλπῳ
1361 3110 1389 3168 δὲ
1401 3113 1463 3190 φυλ.
1480 3112 1569 3183 atta,
1584 3122 1615 3169 ut
1629 3112 1707 3186 apud
1721 3113 1890 3187 AEschylum

1097 3202 1176 3276 Sept.
1191 3201 1228 3257 ad
1238 3202 1292 3258 Th.
1306 3200 1365 3275 966
1378 3210 1407 3257 et
1422 3219 1481 3275 seq.
1501 3202 1597 3258 Simile
1611 3212 1713 3257 notum
1726 3200 1797 3256 illud
1809 3220 1890 3277 pro-

1097 3289 1222 3346 verbiale
1232 3287 1289 3357 Τὴν
1303 3284 1372 3345 κατὰ
1382 3286 1477 3345 σαυτὸν
1493 3287 1552 3347 ἔλα.

1137 3430 1191 3485 Nil
1201 3430 1407 3503 desperandum
1419 3429 1517 3485 critice
1526 3428 1598 3483 duce
1606 3439 1635 3483 ct
1642 3430 1753 3502 auspice
1761 3425 1888 3487 Plroebo.

1102 3582 1113 3608 ε
1130 3554 1280 3613 Postremo
1290 3556 1437 3631 aenigmate
1444 3552 1596 3630 significari
1607 3559 1818 3611 instrumentum
1828 3574 1892 3612 son·

1098 3649 1197 3713 tiendi,
1218 3648 1279 3719 ipse
1296 3646 1363 3702 Atb.
1380 3644 1504 3712 indicat,
1523 3645 1581 3698 haec
1596 3642 1748 3716 subjiciens
1764 3663 1771 3698 ι
1787 3644 1890 3702 Ταῦτα

1098 3732 1122 3791 θ’
1132 3730 1172 3791 ὅτι
1184 3732 1213 3791 τθ
1222 3729 1384 3812 κληρωτικὸν
1397 3730 1535 3808 σημαίνει,
1544 3732 1618 3806 ὑμεῖς
1628 3730 1792 3810 διακρίνατε,
1805 3742 1891 3791 νεῖτ’.

1100 3825 1124 3878 E
1145 3826 1189 3880 M.

1139 4085 1219 4141 Idem
1238 4102 1284 4153 ια,
1303 4102 1334 4157 p.
1351 4080 1427 4151 553,
1447 4084 1471 4137 Α
1494 4101 1501 4136 :
1523 4078 1578 4143 ἔθος
1599 4076 1623 4135 δ’
1641 4068 1673 4149 ἦν
1689 4074 1825 4148 Ἀθήνησι,
1840 4076 1891 4134 καθ

1100 4170 1158 4237 rob<
1169 4171 1252 4239 πόδας
1267 4172 1319 4228 τῶν
1332 4165 1488 4249 τρυφώντων
1509 4165 1652 4245 ἐναλείφειν
1666 4164 1790 4244 μύροις...
1808 4167 1842 4224 Ε.
1865 4164 1893 4223 θ’

1100 4262 1127 4320 ει
1147 4262 1201 4341 αφ.

1151 4414 1190 4485 Er
1206 4416 1334 4508 θαλάμῳ
1345 4421 1491 4507 μαλακῶς
1505 4410 1738 4503 κατακείμενον·
1752 4413 1781 4476 ἐν
1791 4403 1825 4476 δὲ
1835 4413 1891 4476 κύ-

1759 4523 1823 4601 κλῳ
1838 4545 1891 4583 νυν

1149 4626 1322 4722 παρθενικαὶ
1341 4624 1482 4719 τρυφεραὶ
1500 4622 1637 4719 χλανίσιν
1652 4628 1807 4713 μαλακαῖς
1828 4648 1890 4688 κα-

1715 4728 1890 4819 τάθρυπτον

1150 4844 1204 4908 τὸν
1226 4835 1296 4907 πόθ’
1323 4836 1535 4931 ἀμαρακίνοισι
1554 4839 1653 4927 μύροις
1674 4830 1809 4926 τρίύουσι
1832 4836 1889 4899 τὸν

1794 4940 1886 5030 ἀμόν.

1100 5111 1133 5165 V.
1155 5126 1166 5162 ι
1181 5107 1248 5162 libri
1261 5126 1300 5161 νιν
1316 5122 1371 5181 pro
1384 5124 1429 5158 νυν
1444 5102 1487 5177 (h.
1500 5118 1527 5157 e.
1543 5090 1598 5169 οὖν,
1613 5100 1653 5155 cf.
1670 5104 1718 5156 Ar.
1729 5101 1802 5157 Plut.
1814 5117 1886 5172 971,

1101 5194 1263 5252 Anaxandr.
1279 5196 1381 5249 insert.
1392 5192 1437 5269 6).
1450 5194 1567 5248 Versus
1581 5191 1621 5245 sic
1632 5189 1789 5246 Jacobsius.
1805 5188 1887 5243 Libri

1101 5279 1245 5361 ταρθενικθι
1272 5276 1387 5359 τρυφερὰ
1412 5276 1535 5357 χλανίδια
1564 5273 1674 5351 μαλακθ
1698 5275 1887 5351 κατάθρυπτοι.

1101 5376 1135 5430 V.
1159 5371 1175 5427 3
1197 5368 1302 5446 μύροισι
1323 5364 1505 5446 epitanensis
1526 5364 1599 5440 ἐμόν.
1613 5366 1727 5422 Jacobs.
1747 5359 1835 5441 μύροις
1858 5375 1885 5418 et

1102 5455 1180 5532 ἀμὸν,
1192 5457 1272 5533 quod
1286 5475 1380 5513 versus
1393 5455 1580 5511 monstrabat.
1594 5453 1731 5528 Bergkius
1744 5449 1787 5507 τὸν
1799 5448 1886 5519 αἰνὸν,

1103 5558 1195 5603 totum
1211 5547 1345 5622 griphum
1363 5546 1399 5601 de
1418 5546 1579 5601 Callistrato
1607 5544 1817 5617 interpretatus.
1844 5542 1890 5595 De

1101 5653 1182 5690 more
1197 5653 1282 5708 quem
1296 5634 1365 5690 dicit
1382 5632 1450 5691 Aah.
1464 5652 1494 5690 v.
1508 5632 1546 5688 ad
1560 5632 1703 5687 Procridis
1715 5630 1750 5687 fr.
1770 5647 1797 5684 1.

1102 5805 1137 5855 25
1156 5815 1274 5872 quorum
1286 5798 1449 5872 aliiquident
1460 5798 1523 5854 vttae
1535 5805 1621 5853 sortes
1630 5796 1829 5869 adipiscuntur,
1841 5793 1888 5850 alii

1658 5885 1738 5952 [vero
1749 5882 1886 5937 aberrant.

1154 5973 1243 6031 Jubeo
1252 5982 1344 6031 autem
1356 5989 1494 6047 quemque
1503 5989 1580 6031 suam
1593 5972 1709 6038 habero3
1722 5970 1755 6025 ab
1769 5968 1888 6040 aliisque

1478 6067 1505 6117 2.
1769 6059 1885 6123 [catere.

1102 6152 1133 6205 ln
1144 6146 1266 6206 thalamo
1276 6147 1394 6205 molliter
1403 6147 1539 6220 jacentem
1553 6167 1558 6202 :
1573 6149 1664 6220 itaque
1674 6146 1779 6201 circum

1100 6244 1201 6292 tenerae
1213 6237 1330 6309 virgines
1341 6237 1410 6293 albis
1422 6238 1548 6293 amiculis
1560 6237 1707 6292 delicatum

1103 6323 1198 6395 pedem
1215 6332 1340 6381 nostrum
1355 6324 1519 6381 amaracinis
1532 6322 1630 6379 fricant
1641 6319 1799 6393 unguentis.
