4084 8009
649 1491 652 1497 ’
776 1531 957 1593 somnes.
977 1527 1213 1590 rruornuus.

266 1672 484 1766 ἐσπαργάνωσα
496 1724 504 1755 ,
517 1672 684 1765 περιπάσας
698 1670 849 1763 ὀρίγανον,

264 1777 404 1871 ἐνέκρυψά
415 1779 440 1846 θ’
455 1784 553 1872 ὥσπερ
563 1770 657 1844 δαλὸν
668 1776 708 1853 εἰς
718 1780 836 1849 πολλὴν
851 1775 971 1865 τέφραν.

191 1885 237 1955 30
264 1881 364 1979 lprietv
377 1882 465 1977 θ’ἀμ’
483 1889 560 1979 αὐτῇ
577 1877 747 1977 παρίλαύον
763 1885 949 1973 Φαληρικὴν,

262 1990 327 2081 (εἷς
335 1991 442 2069 κύαθος
453 1992 566 2058 θντοιίθ
581 1981 692 2066 ύθατσς
704 1984 852 2080 ἐπιχυθεὶς
862 1986 939 2052 πολὺ
948 1982 976 2074 ,)

262 2101 363 2189 τεμὼν
376 2091 411 2164 dl
423 2100 541 2170 λεπτὴν
555 2105 610 2173 τῆς
619 2094 732 2187 χλόης,
748 2093 800 2159 καὶ
816 2092 961 2174 πλείονα,

263 2197 320 2267 κάν
335 2201 354 2275 ἦ
366 2193 526 2280 δικότυλος
535 2200 684 2285 λήκυθος,
698 2199 909 2290 καταστρέφω.

262 2306 303 2374 Τί
315 2301 532 2394 λοιπθνςοθθὶν
547 2303 638 2376 ἀλλο.
652 2296 809 2373 Τοῦτ’ίσθ
819 2309 838 2378 ἡ
849 2305 953 2393 τέχνη,

192 2409 238 2481 35
263 2417 316 2480 οὐκ
329 2412 360 2497 ἐξ
376 2415 568 2507 ἀπογραφῆς,
583 2404 652 2484 οὐδὲ
667 2402 711 2478 δι’
724 2410 960 2503 ὑπομνημάτων.

195 2548 226 2602 lo
239 2547 283 2602 his
298 2547 381 2620 plura
392 2556 476 2619 sunt,
491 2545 571 2620 quod
579 2544 726 2619 proverbii
739 2543 806 2598 loco
821 2541 877 2599 dici
886 2540 977 2608 solet,

192 2650 278 2689 arena
291 2635 350 2691 sine
369 2636 455 2691 calce.
476 2636 516 2690 Ea
535 2633 682 2708 supplevi,
696 2629 833 2700 condidi,
846 2627 976 2700 correxi,

84 2723 90 2734 '
192 2721 364 2795 interpunxi,
373 2733 406 2779 ut
418 2723 478 2779 sine
488 2720 645 2777 offensione
652 2720 823 2794 legerentur.
837 2716 979 2789 Loquitur

191 2819 286 2865 autem
298 2810 427 2883 Coquus,
439 2809 573 2883 frequens
584 2807 668 2862 iubis
681 2804 828 2862 coruoecliis
841 2820 979 2878 persona,

192 2914 236 2953 res
262 2908 355 2971 gestas
380 2914 518 2965 mirans,
542 2905 690 2969 artemque
709 2911 788 2949 maur
811 2891 978 2967 praedicans

193 2985 285 3059 Igitur
304 2986 371 3042 libri
391 3003 476 3043 versu
499 3004 511 3039 ι
536 2979 736 3059 θτιτηγάνιαα,
757 2980 838 3055 quod
856 2979 980 3036 correxit

194 3080 329 3152 Meinek„
345 3080 529 3137 casaubonus
547 3089 641 3135 autem
661 3076 742 3152 quod
756 3095 783 3132 ν.
801 3082 817 3144 4
833 3075 980 3151 legebatur

194 3165 297 3245 τρίμμα
320 3166 473 3243 συκάμινον.
496 3171 582 3226 Versu
612 3166 629 3223 5
653 3165 718 3222 libri
745 3160 878 3240 γλαύκου,
900 3160 981 3235 quud

193 3259 311 3330 mutavi,
326 3276 363 3314 ne
377 3259 440 3331 quis
451 3258 565 3331 ineptus
578 3255 725 3330 bicipitem
733 3254 866 3330 glaucum
873 3249 979 3307 somni·

193 3356 262 3401 aret.
275 3349 306 3403 V.
323 3365 338 3415 7
359 3343 461 3402 ίλάθιον
477 3356 555 3403 recte
565 3342 702 3425 casaub„
718 3360 772 3417 pro
784 3340 882 3409 ίλαιον,
900 3334 981 3411 quod

194 3433 408 3490 inconcinnum.
424 3433 526 3489 Venus
539 3449 612 3508 9·11
625 3432 664 3487 sic
673 3430 842 3507 legebantur

240 3547 328 3612 ἔσται
339 3535 383 3611 δι’
398 3544 500 3636 ἅλμης
512 3545 640 3636 λιπαρθς
659 3544 745 3637 ἑφθὸς
759 3545 789 3611 ἀν
804 3544 898 3637 χλόῃ.
929 3609 931 3615 ,
1009 3607 1013 3614 .

243 3641 377 3728 iaculoue
391 3646 436 3717 ὅτ’
449 3648 532 3715 ἐστὶν
548 3646 601 3717 ἀπ’
615 3645 780 3718 ὁύελίσκιον
790 3645 930 3734 ὀπτανά,

243 3754 370 3850 τρίγλας
393 3768 475 3841 σία,

179 3872 180 3875 “
194 3880 251 3939 ’λα’
264 3880 338 3942 θύελ.
347 3883 490 3959 quideme
500 3883 661 3959 Scbneigh.
675 3884 830 3959 repositum
839 3900 896 3960 pro
908 3883 974 3939 ἀπο-

195 3968 307 4028 θελισον.
331 3973 400 4045 Quae
419 3971 511 4028 multo
539 3970 655 4029 reddidi
673 3972 870 4031 concinniora.
888 3974 923 4030 V.
945 3977 979 4036 ι4

194 4058 259 4113 libri
272 4055 394 4116 ταύταιαι
407 4077 455 4136 πρ.
467 4056 505 4117 V.
523 4055 557 4114 ιθ
569 4053 634 4133 ίφθὴ
645 4055 782 4115 Dobraeus
790 4077 846 4135 pro
856 4077 891 4115 eo
900 4058 980 4132 quod

194 4156 236 4201 cst
245 4146 274 4200 in
288 4147 366 4202 libris
372 4139 458 4223 ὤφθη.
471 4144 635 4201 Eorundem
652 4141 742 4208 ἁπλῶς
754 4163 839 4200 versu
859 4143 893 4199 ιθ
914 4161 981 4200 cor·

194 4233 267 4289 rexit
279 4226 411 4289 Dindoril
427 4235 528 4289 Versus
543 4231 577 4288 ιθ
590 4242 619 4288 et
633 4249 669 4305 ¹9
682 4233 722 4287 ita
734 4232 932 4288 scribebantur
946 4249 981 4288 ex

196 4322 373 4378 correctione
386 4320 516 4395 Debui,

244 4426 457 4499 παντοδαπόν·
474 4430 583 4522 ἑψητὸν
598 4427 632 4500 dl
650 4430 729 4525 μετὰ
744 4434 859 4511 ταύτας
870 4428 956 4516 τινα,

244 4533 421 4633 ὀξυλίπαρον
431 4538 553 4615 ’τούτοις
568 4529 671 4606 ἔδωκα
686 4536 803 4632 χυμίον.

196 4666 268 4723 eod.
280 4661 342 4723 Aet
352 4662 419 4739 μετθ
424 4662 500 4723 ταῦτ’
505 4684 609 4722 nonen.
624 4667 647 4725 B
658 4661 687 4723 dl
696 4662 770 4723 ταῦτ’
779 4661 881 4724 ἀστίνα.
887 4664 983 4742 Vulgo

197 4750 224 4809 dl
247 4751 314 4829 μιτθ
325 4754 401 4811 ταῦτ’
418 4751 498 4813 ίατίν.
515 4751 635 4824 Ταύτας,
647 4755 734 4812 ίιιιείίζ
749 4751 845 4824 σηπίας
858 4764 888 4810 et
898 4750 984 4811 τευθί-

197 4842 253 4907 δας.
266 4843 320 4901 Sed
332 4844 404 4901 alter
423 4861 539 4917 quoque
552 4860 650 4899 versus
663 4841 826 4899 laborabat.
845 4843 932 4898 Versu
946 4846 984 4907 α4

196 4933 244 4987 vul
295 4951 301 4986 :
490 4939 494 4946 '

237 4950 341 5101 ίῗίάλυύ
356 5024 506 5107 θλιύριρ....
523 5023 632 5104 τοιούτῳ
645 5022 705 5081 τινί.

198 5122 361 5180 verosimile
386 5133 442 5192 est,
464 5119 547 5179 λιυκθ
564 5120 638 5177 forte
660 5120 822 5197 neglectum
841 5137 900 5176 esse
921 5130 984 5195 post

198 5208 295 5289 λεύρῳ.
309 5208 447 5290 Τοιούτῳ,
465 5210 571 5267 dicturn
588 5219 671 5285 putes
685 5220 783 5265 tostum
800 5206 986 5278 frumentum,

199 5300 297 5355 colore
308 5300 345 5355 ab
357 5298 429 5355 albis
443 5299 546 5355 craniis
559 5297 735 5373 discrepans.
751 5299 785 5355 V.
802 5295 840 5353 αθ
856 5321 870 5347 e
886 5293 984 5374 χήραν,

199 5387 218 5442 ί.
237 5404 263 5443 e.
287 5389 466 5443 inconditam.
491 5386 626 5445 simililer
642 5382 754 5465 θρφανθν
775 5381 893 5462 ταρίχιον
915 5384 987 5441 dixit

199 5475 377 5531 Pherecrates
389 5476 507 5533 Autem.
524 5480 554 5545 4,
570 5480 598 5543 4,
607 5485 636 5531 et
649 5473 685 5530 de
699 5474 778 5529 amiae
790 5467 917 5549 σκιυασίρ
933 5476 986 5532 Ατ-

200 5562 355 5618 chestratus
368 5561 472 5620 Athen.
488 5579 520 5637 p.
535 5561 605 5634 278,
623 5561 645 5618 C
662 5581 667 5614 z

253 5726 368 5795 involvi,
381 5733 423 5793 et.
433 5725 661 5798 circumspersem
670 5715 802 5804 oriqeuq,

254 5814 431 5884 abscondidi,
442 5821 474 5871 ut
485 5812 627 5879 titionem,
639 5814 670 5870 in
679 5814 770 5873 cinere
784 5814 882 5873 multo.

201 5911 236 5961 σο
254 5907 289 5961 Et
299 5905 325 5961 in
335 5918 433 5977 apuam
443 5917 498 5960 une
507 5902 627 5964 eumilh
636 5909 773 5977 sumptam
782 5901 969 5972 Phalericum,

254 5994 342 6057 (unus
351 5989 397 6047 hlc
409 5988 525 6063 cyathus
539 6003 619 6063 aque
627 5986 736 6046 inlusus
745 5986 864 6047 multum
874 5998 928 6055 est,
940 5996 948 6055 )

256 6076 347 6135 herbis
358 6075 456 6135 seretis
466 6075 566 6135 teneris
578 6072 777 6150 pluribusque,

255 6165 296 6222 vet
309 6164 378 6223 duas
388 6163 493 6237 cotyles
501 6164 654 6239 capientem
665 6160 808 6238 lecythum
821 6160 934 6218 inrerto.

255 6250 327 6325 Quid
338 6250 436 6324 plura?
452 6249 520 6309 nihil
534 6248 618 6310 eliud.
636 6251 705 6310 fleo
715 6255 827 6317 estere,

256 6355 313 6397 non
325 6355 357 6396 er
366 6337 539 6414 apographo,
554 6353 644 6413 neque
657 6353 689 6396 es
703 6336 916 6396 commentariis.

1752 1533 1804 1582 611

1062 1662 1088 1718 ίν
1105 1661 1186 1730 συκῆς
1199 1658 1304 1739 φύλλοις
1318 1655 1362 1715 καί
1375 1654 1487 1735 ὀριγάνῳ
1504 1656 1533 1713 ιθ
1547 1653 1620 1728 μύλα
1632 1656 1728 1733 πολλῇ.

1064 1746 1111 1820 Μὴ
1126 1745 1213 1825 τυρθν,
1226 1745 1263 1821 μὴ
1277 1747 1367 1824 λῆρον,
1381 1744 1472 1810 ἅπλῶς
1487 1742 1509 1800 δ’
1518 1740 1598 1808 ούτιυς
1612 1742 1775 1821 θεραπεύσας

1064 1837 1095 1914 ἐνΙ
1104 1838 1186 1906 συκῆς
1199 1834 1303 1916 φύλλοις
1316 1832 1413 1912 σχοίνῳ
1427 1828 1698 1902 κατάὣςσονύνωθιν,
1752 1844 1756 1851 ’

1063 1914 1111 1983 ε’ίθΙ
1122 1921 1173 1981 lind
1184 1919 1282 2004 θερμὴν
1296 1910 1363 1979 den
1376 1918 1429 1979 ἔσω
1442 1918 1548 1979 σποδόν.
1570 1922 1622 1976 »E
1638 1921 1681 1978 M.

1024 2041 1113 2095 Versu
1128 2056 1164 2109 aq
1187 2036 1255 2093 libri
1268 2033 1361 2115 θρίοισι
1375 2031 1473 2106 ταύτην
1487 2032 1567 2106 ἅλας,
1580 2053 1703 2110 quorum
1716 2044 1811 2110 poste·

1024 2128 1084 2183 rius
1094 2126 1218 2183 correxit
1231 2122 1367 2200 Person,
1381 2125 1461 2202 prius
1476 2140 1540 2198 ego.
1553 2125 1576 2179 V
1604 2122 1642 2178 30
1655 2118 1740 2203 ἀφύην
1754 2140 1811 2178 ma·

1024 2216 1057 2270 lit
1067 2214 1191 2295 lleiuek.
1204 2216 1237 2270 V.
1251 2212 1287 2268 32
1298 2213 1334 2269 ad
1348 2208 1446 2281 λεπτὴν
1462 2212 1602 2287 intelligas
1618 2210 1692 2267 sorte
1706 2207 1810 2289 μερίδα,

1024 2304 1077 2360 nisi
1090 2301 1345 2378 poliuslegettdttm
1359 2302 1394 2358 sit
1404 2296 1504 2370 λιττῆν
1515 2298 1576 2370 τὴν
1589 2290 1709 2385 χλύην.

1405 2434 1435 2472 a.

1025 2505 1034 2554 ',
1054 2516 1186 2583 'muare
1202 2543 1231 2599 p.
1247 2542 1313 2593 roa,
1326 2523 1376 2596 αθ,
1389 2520 1566 2599 Κλέτιτρια
1577 2520 1667 2580 τΣωτ.
1680 2517 1814 2596 Ἐγκλειο·

1026 2609 1214 2686 μίνοις(οίσ).
1236 2610 1394 2667 «Dubium
1413 2623 1453 2668 est
1498 2621 1592 2665 utrum
1612 2605 1814 2685 ίιίσἘγκλειο-

1027 2695 1133 2775 μίναις,
1158 2716 1195 2754 sn
1220 2698 1298 2774 apud
1319 2698 1424 2756 Athen.
1444 2698 1546 2772 fragm.
1570 2716 1581 2752 1
1606 2691 1814 2771 Ἐγκλιιομίνοις

1026 2786 1207 2844 scribendum
1219 2783 1265 2845 sit.
1284 2812 1296 2836 ο
1308 2788 1333 2843 Ε
1344 2788 1386 2843 Μ.

1187 2897 1226 2955 ll.
1251 2894 1654 2974 nsrthmottfflltot.

1067 3011 1171 3067 Athen.
1186 3028 1217 3084 9,
1232 3029 1263 3085 p.
1290 3009 1358 3080 368,
1378 3013 1418 3080 Α,
1441 3008 1479 3066 de
1493 3028 1546 3065 usu
1563 3010 1687 3066 nominis
1701 3006 1816 3089 ταραφίς

1026 3116 1112 3174 agens
1127 3117 1134 3151 :
1151 3097 1224 3155 Σωτ.
1238 3096 1260 3153 θ’
1273 3094 1450 3173 θιιοιμυιθςίν
1461 3094 1724 3176 Παραλυτρουμένῳ,

1075 3209 1204 3306 Παροψίς
1219 3208 1296 3279 εἶναι
1311 3213 1456 3306 φαίνομαι
1469 3224 1514 3301 τῷ
1528 3208 1695 3305 Κρωύύλῳ·

1075 3327 1182 3386 τοῦτον
1194 3323 1351 3411 μασᾶται,
1365 3318 1599 3411 παρακατεσθίιι
1615 3312 1643 3386 δ’
1658 3322 1724 3412 ίμί.

1027 3447 1112 3521 Quod
1125 3448 1321 3521 jurisconsulti
1337 3449 1435 3509 dicere
1448 3452 1555 3521 solent,
1567 3464 1650 3526 erere
1674 3452 1809 3517 ordinem,

1028 3536 1057 3591 ls.
1068 3537 1088 3591 l.
1101 3539 1213 3612 tropice
1221 3555 1347 3594 mursam
1358 3537 1510 3594 secundam
1518 3537 1667 3613 significat.
1684 3538 1816 3608 crebyhs

1027 3622 1328 3704 Ηθθθθῦῑθθοθοῑθτ
1337 3625 1439 3681 AEliani
1452 3628 1486 3683 V.
1499 3627 1535 3685 ti.
1552 3633 1581 3693 4,
1601 3625 1643 3692 ι6,
1664 3626 1814 3683 sedneseio

1028 3712 1106 3787 quis,
1120 3721 1299 3784 tmcuotus,
1312 3713 1439 3788 gulovel
1451 3715 1601 3788 parasitus.
1790 3728 1792 3731 ·

1357 3930 1492 3992 Lxxttt.
1590 3922 1593 3928 ⁵

1282 4029 1559 4130 riuo‘rneus.

1069 4229 1081 4255 ι
1096 4204 1196 4262 Suidas
1212 4225 1218 4260 :
1233 4202 1360 4279 Τιμόθεος
1374 4202 1523 4275 Ἀθηναῖος,
1537 4202 1651 4280 κωμικὸς
1670 4207 1716 4275 τῆς
1737 4202 1819 4282 μίσης

1029 4287 1178 4369 κωμῳδίας.
1190 4292 1242 4348 τῶν
1254 4289 1396 4368 δραμάτιυν
1407 4292 1487 4349 αὐτοῦ
1497 4282 1528 4363 ἦν
1542 4290 1653 4364 Πύκτη
1661 4315 1691 4363 ς,
1708 4294 1819 4372 Παρα-

1030 4375 1223 4449 καταθήκῃ,
1246 4376 1560 4452 Μεταύαλλύμενος
1582 4376 1600 4449 ἦ
1621 4375 1819 4456 Μεταφερό-

1030 4486 1141 4539 μενος.
1158 4465 1203 4523 καί
1226 4466 1400 4547 Κυνάριον
1422 4466 1553 4545 Τιμοθέου
1572 4469 1676 4546 δρᾶμα,
1690 4464 1725 4533 tl<
1735 4489 1818 4546 φησιν

931 4624 937 4637 .
1031 4552 1161 4625 Ἀθήναιος
1175 4556 1202 4613 ἀν
1217 4556 1269 4622 τοῖς
1286 4553 1366 4614 αὐτοῦ
1384 4556 1429 4634 (6,
1445 4576 1473 4632 p.
1493 4554 1632 4633 α43,1)).
1655 4557 1819 4614 ceterarum

1030 4644 1189 4702 fabularum
1209 4646 1281 4702 nihil
1291 4658 1433 4704 servatum
1447 4658 1499 4704 est.
1517 4642 1625 4717 Πύκτης
1638 4649 1670 4701 in
1681 4647 1817 4703 Timoclis

1030 4732 1132 4790 fabulis
1148 4747 1382 4794 connumeratur.
1403 4732 1637 4814 Παρακαταθήκην
1657 4734 1819 4797 docuerunt

1030 4821 1223 4896 Aristophon,
1235 4822 1366 4898 Sopater,
1381 4824 1529 4902 Sopbilus,
1540 4825 1744 4899 Timostratus,
1758 4814 1819 4882 tle-

1032 4906 1221 4987 ταφερομύνονς
1235 4908 1412 4991 Posidippus.
1430 4937 1442 4963 ι
1460 4913 1487 4970 B
1495 4914 1539 4969 M.

1321 5024 1530 5087 ΚΥΝΑΡΙΟΝ.

1071 5132 1174 5189 Athen.
1191 5132 1227 5201 6,
1247 5154 1279 5209 p.
1298 5134 1375 5207 υ4θ,
1399 5136 1435 5206 G,
1453 5136 1489 5192 de
1510 5136 1713 5211 OEtoerephonte
1733 5152 1819 5210 pars·

1031 5219 1085 5275 sito
1101 5218 1248 5294 εΤιμύθεος
1262 5220 1396 5300 Κυναρίῳ,

1082 5336 1240 5430 Πειριύμεθ
1254 5332 1399 5406 ἀποδόντ’
1415 5342 1443 5415 te
1459 5339 1493 5403 τὸ
1510 5332 1630 5407 δεῖπνον
1647 5332 1786 5405 ἀπιέναιί

1081 5446 1109 5520 ἐς
1128 5436 1156 5510 θ’
1170 5444 1350 5514 ἑπτάκλινον
1368 5437 1395 5513 d'
1410 5447 1505 5529 ἐστὶν,
1517 5452 1556 5525 ὡς
1569 5440 1677 5539 ἔφραζέ
1692 5471 1763 5535 μοι,

1082 5544 1118 5616 ἀν
1136 5554 1177 5642 μὴ
1193 5548 1385 5645 παροίίίυστύς
1404 5579 1460 5621 που
1476 5556 1599 5646 γίνηται
1614 5560 1785 5641 Χαιριρῶν.

1222 5736 1387 5805 lNlQUlUS
1406 5736 1635 5795 hebemus.

1035 5855 1161 5927 Parepsis
1173 5870 1233 5913 esse
1246 5856 1341 5913 videor
1351 5843 1468 5931 Crobylo
1479 5866 1491 5911 ἐ

1036 5941 1111 5999 hunc
1128 5950 1217 6000 cenat
1230 5961 1238 6011 3
1251 5957 1296 6000 me
1305 5942 1363 6000 edit
1372 5950 1447 5999 estre
1460 5940 1596 5999 ordinem.

1331 6044 1529 6103 CATELLUS.

1035 6155 1175 6210 conemur
1184 6151 1312 6210 instructi
1325 6148 1360 6207 sd
1370 6163 1475 6207 οαιιιιιι
1487 6147 1542 6212 ire!

1036 6242 1087 6300 erit
1101 6250 1192 6299 autem
1201 6247 1305 6312 septem
1313 6237 1460 6301 lectorum,
1473 6244 1504 6293 ut
1516 6234 1582 6291 mihi
1593 6229 1719 6301 dicebat,

1038 6330 1090 6388 uisi
1100 6327 1171 6386 forte
1185 6326 1343 6385 interciatus
1352 6322 1532 6397 Cherephou.
1680 6411 1707 6451 w
