4084 8009
845 1529 1104 1595 tuttrttttttts

165 1679 216 1737 per
239 1661 411 1715 calummam
434 1662 464 1713 in
486 1660 645 1733 periculum
671 1662 769 1735 capitis
789 1663 864 1717 soliti
887 1675 952 1719 sunt

165 1749 276 1818 vocari,
289 1758 422 1820 tanquam
433 1748 506 1820 regis
516 1748 663 1801 Persarum
674 1750 882 1824 speculatores,
892 1771 952 1807 non

165 1844 347 1892 mercatores.
368 1834 414 1889 Sic
435 1832 513 1906 apud
534 1833 754 1908 Aristophanem
777 1837 952 1912 Megarenses

164 1934 193 1979 et
202 1924 306 1992 Boeoti,
316 1923 421 1996 quires
432 1939 494 1976 suas
503 1940 606 1976 venum
617 1923 740 1978 Athenas
749 1926 951 2000 apportabant,

164 2021 300 2085 tanquam
318 2009 498 2066 'ursidIatores
515 2009 684 2067 deferuntur
700 2022 906 2086 versanturque.
935 2038 948 2062 ν

164 2100 190 2153 Ε
215 2098 281 2153 Cas.

533 2211 579 2267 ¹9·

204 2305 284 2362 Idem
300 2305 343 2364 ib.
365 2307 386 2363 1³
399 2322 408 2364 ε
421 2304 561 2379 Σαμιακοῦ
576 2303 663 2363 ἐλαίου
679 2304 835 2381 μνημονεύει
847 2303 916 2367 ’Aru
933 2304 950 2376 ἢ

165 2389 279 2469 Ἄλεξις,

214 2543 256 2559 ·-
272 2510 389 2577 Οὑτοσὶ
404 2504 440 2576 δέ
462 2535 508 2576 σοι

213 2626 267 2681 τοῦ
287 2615 472 2682 λευκοτάτου
488 2616 610 2682 πάντων
628 2615 729 2681 ἐλαίου
743 2626 896 2707 Σαμιακοῦ

214 2720 299 2786 ἔστιν
315 2725 474 2813 μετρητάς.

168 2848 398 2921 «Fragmentum
423 2848 477 2903 hoc
500 2865 535 2902 ex
558 2843 655 2924 Ὕπνῳ
684 2850 804 2920 μειίιιιπι
826 2846 949 2919 videtur,

164 2950 229 3004 quae
251 2933 348 2989 sabula
369 2935 405 2990 ab
427 2936 489 2990 aliis
508 2934 636 3005 Alexidi,
661 2936 698 2990 ab
717 2936 778 2991 aliis
797 2935 950 3009 Antiphani

164 3018 379 3099 tribuebatur.-
394 3024 483 3080 Mein.

534 3146 581 3182 no.

205 3238 284 3294 Idem
297 3239 336 3294 ib.
350 3258 379 3314 p.
393 3247 441 3309 47,
454 3241 475 3294 Β
489 3235 534 3294 :rb
547 3236 574 3294 δὲ
587 3236 715 3305 ὀξύπεινος
727 3239 802 3317 παρδι
814 3237 947 3317 orphe...

163 3324 210 3384 xri
225 3324 293 3386 Ἄντ.

213 3482 263 3492 -
279 3469 309 3510 α.
329 3432 369 3510 δν
384 3444 501 3533 νόσημα
518 3440 601 3509 τοῦτ’
618 3445 698 3534 ἔχει·

214 3548 262 3615 ἀεὶ
277 3547 333 3642 γάρ
348 3546 500 3629 ὀξύπεινός
515 3552 594 3614 ἐστι.
612 3551 641 3631 β.
658 3549 813 3614 Θετταλὸν

213 3657 310 3747 λε’γεις
322 3646 434 3748 κομιδῇ
451 3655 503 3719 τδν
518 3646 624 3746 ἄνδρα.

169 3812 182 3834 ιι
200 3788 242 3841 De
259 3785 383 3841 Hercule
395 3786 470 3841 dicta
484 3803 542 3840 esse
556 3783 691 3855 conjicIas
707 3803 714 3837 ε
731 3784 846 3839 sortasse
861 3783 949 3858 igitur

166 3874 205 3931 ad
219 3875 377 3950 Omphalen
389 3873 537 3931 reserenda
551 3882 625 3929 sunt.
642 3896 655 3923 ν
668 3874 692 3927 E
706 3874 751 3927 M.

538 4004 587 4042 21.

207 4098 285 4153 Idem
302 4099 341 4156 ib.
353 4117 384 4171 p.
405 4096 457 4168 56,
472 4100 495 4152 E
514 4116 521 4155 :
536 4093 576 4153 ὅτι
590 4092 618 4151 δὲ
630 4091 659 4150 τὸ
670 4092 779 4151 ἄπλυτοι
792 4093 882 4168 (apud
896 4096 952 4148 Eu-

169 4184 309 4260 polidem)
330 4182 373 4242 ert
397 4185 449 4240 τῶν
474 4180 622 4264 ῥαφανίδων
645 4180 747 4239 ἀκούειν
769 4180 824 4252 δεῖ,
843 4180 890 4237 οὐκ
910 4180 953 4237 ἐπὶ

170 4272 223 4328 τῶν
236 4274 348 4344 σηπιῶν,
363 4271 437 4342 δηλοῖ
452 4270 532 4348 Ἀντ.,
546 4270 654 4350 γράρων

217 4364 357 4447 Νόττας,
374 4354 541 4455 σχαδόνας,
557 4358 639 4451 κάρυ’
660 4364 818 4451 ἐντραγεῖν,
835 4356 879 4443 ᾤ’,
905 4361 954 4452 ε’γ-

832 4456 899 4557 κρῖδ
901 4489 934 4538 ας
944 4512 953 4548 ,

217 4565 382 4665 ῥαφανῖδας
403 4570 572 4654 ἀπλύτους,
591 4561 792 4662 γογγυλίδας,
811 4561 952 4661 χόνδρον,

869 4677 951 4763 ρελι.

168 4807 257 4860 Versu
274 4821 302 4872 ι,
317 4804 382 4858 libri
396 4813 487 4859 metro
503 4803 608 4857 violato
622 4797 767 4876 ἐντρώγειν.
789 4800 954 4856 Emendavit

168 4890 327 4967 Schweigh.

535 5003 584 5039 aa.

206 5099 286 5156 Idem
307 5120 380 5175 1‚p.
400 5099 434 5168 3,
452 5100 474 5153 B
494 5119 500 5152 ι
522 5094 612 5174 διόπερ
627 5097 713 5153 ἐκεῖνα
725 5098 776 5153 τῶν
792 5095 954 5175 ’λντιράνοος

168 5187 223 5267 ipsi
237 5209 275 5252 τις
289 5189 324 5253 εἰς
339 5186 417 5244 αὐτὸν
432 5188 628 5264 (Ptolemaeum
642 5185 889 5261 Philadelphum),

535 5357 577 5408 19.

206 5470 241 5481 -
256 5443 321 5496 time
333 5439 380 5496 tibi

170 5526 355 5584 candidissimi
367 5527 492 5583 omnium
500 5527 554 5583 olei
565 5528 683 5585 Samiaci

168 5622 212 5671 cst
223 5622 347 5671 metreta.

538 5707 582 5756 90.

203 5814 239 5826 -
248 5800 273 5841 a.
288 5787 383 5842 Unum
396 5787 470 5843 hune
482 5787 610 5844 morbum
620 5786 721 5842 habet:

168 5888 258 5945 usque
268 5874 441 5932 vehementer
452 5877 545 5932 esurit.
560 5876 587 5931 b.
599 5874 760 5932 Thessalum
771 5890 883 5946 prorsus

171 5959 260 6017 rimm
271 5961 349 6018 dicis.

541 6057 570 6105 21
579 6092 586 6105 .

171 6140 286 6205 anate,
296 6136 385 6206 savos,
398 6154 482 6195 nuces
494 6138 607 6195 comede
617 6182 624 6205 ,
636 6155 699 6205 ova,
714 6138 853 6203 merides,

171 6223 307 6294 raphanos
318 6225 442 6293 ablutos,
457 6244 537 6299 rapa,
551 6227 662 6293 alicam,
677 6227 739 6281 utel.

539 6319 582 6369 22.

170 6397 336 6471 Semperque
347 6398 410 6457 edes
422 6402 506 6458 Musis
519 6408 545 6457 et
557 6400 726 6457 sermonibus
737 6399 917 6473 quibuslibet,

1717 1555 1774 1604 409

1048 1665 1098 1735 hrt
1118 1662 1153 1735 δὲ
1175 1671 1246 1764 πρὸς
1261 1675 1409 1738 Μούσαισι
1425 1675 1477 1740 καὶ
1488 1675 1590 1769 λόγοις
1604 1703 1657 1770 περ
1674 1676 1720 1759 εἷ,

1047 1779 1122 1842 ὅπου
1137 1802 1171 1869 γε
1186 1779 1289 1869 οορίας
1304 1780 1387 1872 ἔργον
1403 1775 1586 1860 ἐξετάζεται.

997 1906 1075 1960 Libri
1086 1907 1221 1963 mendose
1231 1905 1316 1983 λόγοις
1329 1907 1427 1986 πάρει,
1442 1922 1471 1968 et
1482 1931 1565 1968 versu
1580 1932 1597 1967 a
1610 1908 1676 1969 ὅπου
1686 1934 1722 1971 τε.
1742 1917 1782 1970 De

997 1993 1048 2048 illo
1060 1993 1135 2049 conf.
1147 2013 1211 2050 anm
1228 1995 1266 2051 ad
1276 1996 1311 2055 fr.
1324 1999 1424 2057 incert.
1439 2007 1466 2065 4.

1305 2107 1354 2164 23.
1378 2117 1427 2177 at.
1451 2129 1477 2166 a.

1038 2218 1117 2277 ldem
1129 2220 1168 2278 ih.
1183 2241 1212 2295 p.
1223 2220 1252 2290 8,
1267 2223 1294 2276 Ι)
1311 2218 1397 2280 τἈντ.
1410 2220 1438 2279 δι’
1450 2244 1513 2302 ρησι
1531 2218 1538 2232 “

1047 2334 1114 2409 Βίος
1132 2335 1203 2400 θεῶν
1219 2335 1275 2428 γάρ
1290 2339 1385 2419 ἐστι-ι,
1397 2340 1472 2404 ὅταν
1488 2340 1559 2431 ἔχῃς
1572 2342 1660 2408 ποθὲν
1818 2425 1820 2429 ,

1046 2438 1212 2532 τάλλότρια
1222 2432 1413 2534 δειπνεῖν,μὴ
1424 2447 1580 2537 προσέχων
1587 2447 1780 2540 λογίσμασιν.

998 2562 1043 2619 καὶ
1056 2563 1135 2623 πάλιν

1046 2678 1199 2773 Μακάριος
1217 2690 1233 2749 ό
1250 2684 1330 2768 βίος·
1348 2677 1441 2751 δεῖθ’
1460 2687 1508 2752 elei
1522 2689 1623 2754 καινὸν
1637 2690 1727 2783 πόρον

1046 2792 1137 2878 εὑρεῖν
1153 2785 1213 2879 ἔμ’,
1232 2797 1272 2867 ὡς
1287 2791 1415 2882 μάσημα
1428 2800 1496 2869 ταῖς
1507 2795 1627 2886 γνάθοις
1645 2797 1718 2889 ἔχω.

996 2915 1084 2968 Versu
1097 2912 1113 2968 3
1128 2914 1203 2971 ltux.
1221 2902 1243 2992 ᾧ
1262 2912 1316 2991 βίος
1332 2905 1354 2994 ᾧ
1373 2916 1413 2973 δεῖ
1423 2914 1452 2990 μ’
1465 2916 1523 2989 cisi,
1539 2931 1568 2975 et
1581 2939 1608 2975 ν.
1626 2927 1641 2987 4
1655 2920 1782 3001 εὑρίσκειν

996 3000 1068 3063 ὡς...
1085 3002 1215 3058 Correxit
1229 3004 1322 3062 Dobr.
1337 3004 1456 3061 Advers.
1474 3024 1502 3074 a,
1516 3026 1549 3081 p.
1564 3007 1633 3081 293.

1346 3125 1395 3185 ο4.
1409 3119 1439 3176 b.

1037 3228 1117 3284 ldem
1135 3231 1176 3288 ib.
1202 3233 1245 3289 tt:
1266 3228 1306 3288 ὅτι
1326 3229 1356 3288 τδ
1375 3241 1531 3310 μονοραγιῖν
1555 3234 1624 3291 ἔστιν
1644 3234 1671 3291 ἐν
1688 3233 1783 3313 χρήσει

996 3315 1050 3381 τοῖς
1064 3316 1195 3382 παλαιοῖς.
1208 3315 1278 3377 Ἀντ.

1056 3471 1093 3481 -
1106 3440 1290 3526 Μονοραγεῖς
1305 3425 1364 3506 ἤδη
1380 3460 1411 3500 τι
1423 3433 1476 3499 καὶ
1492 3433 1639 3519 βλάπτεις
1656 3439 1720 3528 ἐμέ.

997 3556 1069 3614 Sunt
1082 3560 1159 3616 baud
1170 3560 1257 3617 dubie
1268 3561 1384 3634 parasiti
1398 3561 1494 3617 verba.

1331 3674 1381 3734 οδ.
1405 3675 1454 3732 26.

1038 3785 1120 3840 Idem
1131 3786 1171 3844 ib.
1186 3804 1217 3860 p.
1238 3804 1293 3855 ιι,
1315 3785 1352 3857 C,
1372 3786 1408 3842 de
1424 3786 1563 3860 prandio,
1580 3788 1661 3861 quod
1678 3786 1783 3867 άριστον

999 3872 1148 3929 dicebatur
1162 3875 1205 3948 (ν.
1213 3892 1280 3935 ann.
1295 3873 1332 3929 ad
1350 3875 1474 3948 AEschyli
1490 3878 1545 3950 Ag.
1559 3876 1632 3953 303)
1647 3895 1655 3934 :
1670 3875 1740 3953 λέγει
1756 3873 1784 3933 δὲ

999 3960 1029 4017 τὸ
1043 3959 1156 4038 πρωινὸν
1171 3957 1319 4040 ἔμύρωμα,
1339 3958 1354 4018 δ
1372 3960 1448 4037 ἡμεῖς
1471 3962 1633 4040 ἀκρατισμὸν
1654 3965 1784 4040 καλοῖμεν

999 4043 1043 4103 διδ
1056 4045 1086 4103 τδ
1097 4048 1124 4104 ἐν
1139 4046 1247 4126 ἀκράτῳ
1267 4046 1370 4126 βρέχειν
1383 4048 1428 4105 καὶ
1445 4048 1600 4127 προσίεσθαι
1614 4050 1737 4129 ψωμούς,
1749 4053 1784 4118 ὡς

1000 4133 1068 4195 hir.

1048 4240 1178 4341 Ἀριστον
1199 4254 1227 4316 ἐν
1243 4253 1304 4335 ὅσῳ
1320 4249 1331 4335 (
1339 4248 1367 4343 γ’
1384 4245 1518 4344 ἕνδον)ό
1536 4254 1674 4347 μάγειρος
1688 4263 1784 4340 ποιεῖ,

1000 4368 1047 4435 εἶτ’
1062 4378 1154 4456 ἐπάγει

1049 4478 1314 4573 Συνακρατίσασθαι
1324 4489 1388 4559 πῶς
1397 4483 1477 4575 ἔχεις
1489 4479 1555 4573 μετ’
1568 4485 1640 4573 ἐμοῦ
1649 4480 1662 4574 (
1670 4508 1701 4547 τι
1716 4486 1750 4547 σύ
1758 4483 1783 4568 );

1000 4606 1118 4660 Uncinis
1135 4606 1241 4662 inclusa
1264 4605 1381 4677 addidi,
1404 4626 1468 4679 quae
1484 4608 1635 4663 verisimile
1651 4617 1692 4662 est
1711 4607 1784 4663 sorte

1000 4700 1184 4758 excidissev.
1208 4721 1219 4756 ι
1243 4702 1404 4777 cogitabam
1423 4702 1460 4758 de
1481 4700 1506 4777 γ’
1519 4691 1593 4776 ἧμιν,
1615 4701 1665 4758 sed
1680 4703 1784 4775 proba·

1000 4786 1085 4842 bilius
1094 4788 1216 4847 hleinelr.
1233 4785 1314 4860 ἔνδον,
1324 4791 1428 4846 collato
1441 4788 1578 4860 Platone,
1594 4790 1629 4849 fr.
1642 4790 1700 4847 inc.
1718 4788 1768 4857 45.

1365 4919 1413 4971 ²7·

1040 5009 1149 5065 Ibidem
1167 5031 1197 5085 p.
1220 5013 1325 5082 12‚B:
1344 5009 1511 5089 παρετίθεντο
1525 5008 1552 5068 δὲ
1572 5010 1665 5087 (apud
1680 5016 1784 5070 llome·

999 5097 1083 5174 rum)
1096 5098 1121 5153 οἱ
1136 5095 1183 5172 μὲν
1195 5095 1268 5177 άρτοι
1281 5094 1329 5156 σύν
1340 5096 1392 5164 τοῖς
1403 5097 1508 5170 κανοῖς,
1527 5095 1560 5156 τά
1574 5098 1602 5157 δὲ
1617 5100 1708 5156 ’δεῖπνα
1720 5099 1784 5176 κρέα

1000 5182 1079 5259 μόνον
1091 5176 1122 5256 ἦν
1138 5185 1217 5246 ὀπτά.

1001 5350 1048 5407 ubi
1061 5350 1171 5423 quidem
1183 5366 1226 5408 res
1237 5351 1376 5424 sapientiae
1387 5351 1549 5423 exploratur.

1372 5442 1417 5493 33.

929 5529 932 5537 ‘
1001 5526 1123 5579 Deomm
1133 5522 1207 5579 enim
1217 5522 1271 5579 vita
1283 5532 1339 5591 est,
1351 5523 1375 5578 si
1388 5522 1472 5578 habes
1487 5521 1533 5578 ubi

1000 5628 1031 5667 ex
1044 5612 1139 5668 alienis
1152 5628 1253 5680 cernes,
1265 5628 1320 5668 non
1330 5609 1473 5668 subductis
1482 5610 1641 5666 rationibus.

1000 5791 1080 5845 Beata
1092 5789 1164 5858 vitn3
1175 5791 1224 5847 sed
1233 5708 1398 5864 querendtls
1408 5717 1475 5845 illiti
1486 5803 1594 5860 semper
1607 5784 1703 5843 rhodus
1713 5792 1769 5852 est,

999 5892 1054 5948 quo
1066 5875 1219 5933 mandenda
1233 5892 1376 5950 procurem
1390 5875 1514 5934 maxillis.

999 6053 1060 6106 Jam
1074 6049 1149 6106 solus
1160 6065 1253 6107 coenas
1264 6059 1291 6107 et
1301 5963 1572 6107 middlelltmentum
1585 6049 1676 6105 alters.

1001 6228 1073 6279 Dum
1085 6221 1229 6295 prandium
1239 6223 1365 6295 (quidem
1372 6144 1466 6288 iilius)
1479 6230 1591 6294 apparat
1607 6238 1719 6296 ιωιγυυιι.

1371 6319 1415 6367 26.

974 6329 980 6448 l
1000 6398 1147 6472 Quomodo
1157 6399 1294 6460 anintatus
1304 6415 1333 6458 es
1348 6416 1457 6459 mecum
1466 6401 1573 6473 jentare
1586 6398 1743 6473 (quiddam)
1756 6403 1766 6453 ,³
