4084 8009
874 1547 1027 1610 stum
1031 1551 1076 1611 15.

433 1677 479 1737 tv.
499 1677 692 1738 loll'ssmlt.

169 1813 202 1869 ll.
215 1805 425 1886 Apollophanis
435 1813 538 1868 comici
551 1811 718 1889 fragmenta.

400 1954 438 2013 v.
461 1955 738 2016 ΚΑΛΛΙΠΙῘΙΔΗΣ.

212 2111 226 2136 ε
242 2085 354 2146 Fabula
372 2085 491 2142 sortasse
513 2104 620 2142 nomen
644 2087 730 2142 traxit
742 2103 761 2141 a
783 2086 957 2162 Callippide,

168 2174 373 2252 tragediarum
400 2185 498 2230 actore
512 2174 698 2230 celeberrimo
706 2215 716 2242 ‚
730 2175 780 2248 qui
792 2174 958 2231 redeuntem

168 2282 204 2320 ex
213 2264 280 2320 Asia
293 2261 472 2320 Alcibiadem
483 2264 635 2319 comitatus
646 2274 700 2334 est,
717 2273 786 2319 teste
797 2263 900 2321 Athen.
912 2283 957 2331 12,

167 2372 200 2428 p.
218 2349 289 2420 535,
310 2351 348 2408 Ι).
364 2349 409 2408 Cf.
429 2349 591 2409 Schneider.
607 2350 645 2407 ad
660 2351 795 2425 Xenoph.
817 2351 915 2426 Symp.
933 2353 959 2422 3,

172 2459 220 2510 ιι,
242 2438 448 2514 wyttenbaeh.
464 2439 502 2495 ad
525 2439 598 2498 Plut.
615 2440 827 2514 Apophthegm.
851 2439 956 2496 Lacon.

168 2549 199 2604 p.
220 2527 309 2594 ubh-
326 2551 340 2578 ν
354 2527 435 2584 ΕΜ.

552 2659 577 2696 1.

208 2756 318 2815 Athen.
335 2763 416 2831 14,p
441 2752 514 2824 656,
533 2755 557 2810 B
572 2771 580 2813 t
595 2751 629 2810 τδ
644 2751 672 2810 ll
684 2751 753 2811 δπτδι
763 2752 828 2831 κρέα
838 2741 963 2811 καλεῖταῖ

167 2841 301 2924 φλογίδας.
326 2841 391 2921 Στμ
416 2845 478 2920 γοῦν
498 2843 525 2900 ίν
549 2839 720 2922 Καλλιππίδῃ
741 2841 784 2899 ἐπὶ
803 2846 848 2899 τοῦ
875 2841 958 2921 ‘lipa-

167 2931 260 3000 κλίους
272 2929 353 3012 φησὶν

218 3083 263 3100 ..
273 3045 391 3115 Λύτίκα
405 3039 437 3114 δ’
453 3041 543 3138 (ἄρ’)
556 3051 671 3140 ἥρπασε
684 3046 824 3138 τεμάχη,

217 3155 328 3250 θερμός
344 3179 381 3222 τι
394 3151 508 3246 κάπρου
527 3146 690 3247 φλογίδας,
701 3147 803 3245 ίίρυκέ
816 3178 850 3218 τι
869 3149 957 3222 πίνίί

883 3262 957 3352 ἅμα.

168 3395 257 3454 Ferte
277 3388 322 3470 ἄρ’
331 3390 468 3449 excidisse
489 3390 604 3446 videmr
622 3401 688 3446 ante
704 3388 751 3466 ἥρ·
775 3391 880 3462 simile,
899 3409 958 3447 non

167 3483 230 3538 sine
243 3479 417 3538 detrimento
431 3495 538 3536 versus.
555 3480 588 3538 V.
613 3496 630 3533 a
647 3478 714 3533 libri
731 3474 827 3556 ίόρυχε
843 3499 850 3534 :
866 3498 893 3534 ν.
910 3480 956 3534 in-

168 3567 226 3625 dex
240 3567 437 3644 Aristophanis
452 3586 482 3624 ν.
502 3562 625 3644 βρύκειν,
644 3567 734 3642 Soph.
756 3568 859 3624 Traeh.
882 3566 957 3640 934,

168 3657 295 3714 Philoet.
317 3655 388 3728 708.
412 3655 458 3712 Ad
480 3655 663 3729 anapaeedeos
685 3673 819 3710 numeros
842 3666 959 3711 revocat

168 3745 322 3818 hleinech,
334 3745 462 3804 senuas
472 3739 625 3823 κατίθρυξτ.

550 3871 579 3913 a.

209 3969 292 4028 Idem
306 3987 334 4041 7,
349 3987 380 4044 p.
393 3967 462 4040 304,
478 3970 501 4024 Β
519 3988 525 4022 :
545 3962 702 4041 μνημονεύει
717 3963 744 4022 δὲ
768 3965 819 4021 τῶν
847 3964 957 4020 θυννί-

169 4059 233 4118 δων
250 4055 298 4116 καί
309 4056 376 4136 Στρ.
388 4057 415 4115 h
430 4055 468 4116 K.

553 4167 583 4229 3.

208 4283 342 4346 ronne
353 4292 447 4360 poeta
457 4298 564 4339 nomeu
575 4278 739 4338 addendum
749 4289 790 4335 est
801 4279 855 4336 illis
865 4280 958 4336 Pollu·

169 4375 211 4430 eis
228 4391 276 4444 ιο,
290 4387 349 4450 29:
370 4369 503 4449 Κόρημσ,
522 4365 719 4448 τδκοροίμενιν
738 4367 765 4423 ἐν
777 4363 882 4437 Σκηνὰς
897 4368 957 4425 Κα-

168 4455 402 4538 ταλαμθανυίσαις
421 4453 639 4538 Ἀριστοφάνους,
666 4453 756 4533 ῶσπερ
779 4455 806 4511 ἐν
830 4456 958 4513 Καλλιπ-

169 4545 341 4630 πίδῃιἘπί
354 4551 410 4606 τοῦ
428 4542 958 4626 κορήματοςκαθίζομαιχαμαί.»

168 4637 270 4698 hialim
288 4635 476 4714 probioribus
492 4635 635 4706 numeris,
659 4652 733 4708 quos
755 4633 864 4689 librarii
884 4652 958 4709 saepc

168 4743 230 4783 non
242 4735 358 4801 errent,

218 4836 329 4932 Χαμαὶ
340 4830 508 4929 καθέζομαι
521 4834 569 4904 ’πὶ
585 4843 639 4902 τοῦ
656 4837 838 4926 κορήματος.

168 4969 214 5032 Cf.
236 4967 471 5028 huiuamodi.

430 5113 485 5175 vl.
507 5111 703 5172 ΚΙΝΗΣΙΑΣ.

212 5251 228 5278 ι
243 5227 362 5288 (inme
385 5226 523 5284 dumetis
544 5226 703 5301 pleniorem
729 5225 843 5280 titulum
868 5223 955 5280 htlre·

168 5335 247 5374 neus
262 5335 294 5394 9,
307 5335 338 5392 p.
356 5315 571 5392 396,Δ,11υ11σ
589 5313 674 5370 affert
687 5332 694 5368 t
708 5313 774 5389 Στρ.
792 5312 817 5368 ἐν
841 5311 956 5370 Μακε-

168 5401 265 5462 δόσιν
277 5401 295 5473 ἢ
310 5399 470 5482 Κινησίᾳ.
480 5405 516 5460 ln
526 5403 677 5472 Classiam,
690 5399 957 5460 Meletiscitharoedi

168 5491 278 5562 lilium,
295 5501 413 5570 poetam
437 5489 695 5565 dithyrambieum,
723 5488 803 5561 eujus
829 5488 958 5543 meminit

169 5581 252 5638 ruso
264 5579 356 5656 Gorg.
378 5599 410 5656 p.
427 5577 502 5650 501,
516 5579 555 5648 Ε,
571 5578 706 5654 scriptam
717 5576 800 5633 fuisse
818 5575 955 5643 fabulam,

169 5679 275 5744 preter
297 5667 403 5726 Athen.
422 5685 470 5738 ra,
490 5684 521 5742 p.
544 5663 619 5736 551,
643 5669 680 5736 D,
707 5665 791 5721 docet
813 5666 954 5738 llarpoer.

169 5751 438 5834 puericellos
450 5753 541 5832 δρᾶμα
547 5753 661 5823 ποιήσας
670 5754 706 5818 ei<
719 5753 807 5824 αὐτὸν,
818 5750 882 5829 ὅπερ
895 5751 956 5808 ι’πε-

443 5937 693 5996 CALLlPl’lDFs.

175 6145 202 6156 -
215 6111 316 6168 Statim
329 6111 414 6185 igitur
426 6111 518 6184 rapuit
529 6032 650 6184 stipatis
658 6109 790 6182 piscium,

173 6204 202 6254 et
211 6203 315 6256 rutae
322 6199 398 6272 capri
410 6213 510 6258 earnes
520 6239 529 6268 ‚
540 6197 677 6272 simulque
688 6198 782 6254 omnia
791 6195 938 6254 devoravit.

131 6291 135 6298 '
556 6291 573 6342 3

174 6328 603 6448 tlumieuusideosuperseopii.

1731 1564 1787 1615 tua

1005 1679 1092 1760 γράφη
1104 1679 1245 1752 Κινησίας,
1259 1682 1285 1738 ἐν
1297 1671 1319 1761 ᾧ
1331 1679 1375 1739 καί
1389 1680 1435 1753 τὴν
1447 1681 1569 1740 ιἰσέόειαν
1583 1685 1661 1741 αὑτοῦ
1674 1684 1712 1758 (ν.
1727 1690 1789 1742 hri·

1005 1772 1101 1845 stoph.
1120 1772 1193 1829 han.
1211 1768 1287 1846 352)
1311 1770 1444 1850 κωμῳδεῖ.
1465 1776 1591 1846 Actaque
1612 1773 1698 1829 suerit
1718 1776 1791 1830 inter

1006 1877 1041 1932 91
1060 1856 1146 1932 et397
1173 1860 1218 1915 vel
1235 1858 1274 1933 98
1298 1860 1491 1936 olympiadem
1511 1860 1584 1936 (415
1611 1874 1640 1917 et
1666 1862 1719 1937 391
1745 1865 1790 1920 vel

1008 1945 1063 2016 387
1081 1956 1146 2001 ante
1159 1946 1227 2006 Chr.
1240 1943 1332 2022 nat),
1350 1948 1453 2022 quihus
1468 1948 1526 2005 fere
1543 1946 1649 2005 finibus
1669 1951 1790 2006 circurn-

1005 2036 1112 2108 scripta
1125 2045 1167 2090 est
1180 2035 1302 2091 hominis
1323 2037 1488 2108 celebritas,
1505 2036 1584 2109 cujus
1597 2039 1792 2112 antiquissima

1005 2123 1143 2179 memoria
1162 2132 1251 2178 exstat
1277 2123 1353 2197 apud
1376 2125 1596 2198 Aristophanem
1619 2127 1649 2180 in
1663 2128 1788 2201 Avibus,

1005 2211 1157 2266 novissima
1176 2212 1206 2265 in
1229 2211 1371 2284 Gerytade
1389 2221 1417 2267 et
1431 2213 1638 2270 Ecclesiazusis.
1661 2215 1792 2270 Mortuus

1005 2299 1093 2374 igitur
1111 2298 1225 2355 videtur
1241 2297 1404 2373 olympiade
1416 2297 1454 2374 98
1469 2317 1476 2357 :
1494 2299 1676 2373 nequeenim
1695 2303 1793 2357 verisi-

1005 2387 1072 2442 mile
1085 2397 1145 2457 est,
1159 2388 1274 2463 longam
1283 2388 1308 2442 ei
1322 2388 1408 2442 vitam
1419 2387 1571 2463 obtigisse,
1586 2400 1704 2464 propter
1714 2408 1793 2446 ruor-

1005 2474 1058 2529 bos
1072 2486 1245 2550 perpetuos,
1262 2474 1366 2549 quibus
1390 2473 1556 2532 conflictans
1576 2477 1706 2550 quotidie
1728 2498 1792 2533 mo-

1009 2560 1149 2632 riebatur,
1163 2574 1195 2618 ut
1210 2565 1250 2619 ait
1270 2564 1366 2636 Lysias
1387 2582 1433 2638 ap.
1458 2564 1560 2621 Athen.
1578 2583 1622 2634 12,
1637 2585 1667 2638 p.
1683 2563 1750 2634 551,
1771 2569 1792 2621 F.

1006 2637 1056 2718 (ὅτι
1076 2640 1102 2698 δί
1118 2631 1150 2711 ἦν
1167 2640 1294 2711 Κινησίας
1304 2640 1437 2716 νοσώδης,
1454 2639 1499 2698 καί
1513 2640 1592 2707 δεινὸς
1606 2636 1708 2715 τᾶλλα,
1731 2649 1789 2702 Λυ-

1005 2728 1099 2794 σίας...
1121 2727 1346 2808 championem
1369 2727 1456 2800 αὐτὸν,
1475 2728 1604 2805 ἀφέμενον
1627 2734 1674 2801 τῆς
1696 2731 1791 2809 τέχνης

1006 2817 1247 2895 [citharoedorum
1266 2820 1348 2888 artis,
1371 2837 1458 2892 quam
1482 2821 1568 2876 etiam
1584 2821 1694 2877 hleletis
1711 2833 1793 2895 pater

1005 2908 1092 2962 Pisias
1107 2908 1276 2976 exercebat,
1296 2916 1328 2961 ut
1343 2908 1428 2963 tradit
1442 2909 1623 2964 Pherecrates
1636 2910 1665 2964 in
1683 2910 1792 2965 scholio

1005 2993 1042 3049 ad
1054 2998 1105 3052 Ar.
1124 2999 1177 3050 Αν.
1196 2989 1271 3072 859]
1293 3000 1463 3072 συκοφαντεῖν
1479 2994 1524 3051 καί
1547 2997 1576 3052 ἐκ
1597 2993 1687 3053 τούτου
1710 2997 1793 3052 πλου-

1004 3087 1073 3151 reis,
1098 3080 1180 3160 ete).
1203 3083 1385 3138 Pherecrates
1407 3084 1485 3157 apud
1510 3085 1585 3141 Plut.
1611 3087 1654 3140 De
1685 3086 1792 3141 musica

1004 3190 1035 3245 p.
1051 3178 1135 3243 1141,
1150 3174 1182 3241 Ε,
1195 3172 1333 3228 Cinesiam
1347 3172 1378 3225 in
1388 3173 1531 3243 primariis
1545 3173 1673 3228 masculae
1684 3174 1790 3247 simpli·

1005 3259 1102 3332 eisque
1116 3260 1184 3315 artis
1201 3260 1418 3333 corruptoribus
1431 3272 1571 3318 numerat.
1592 3263 1634 3317 De
1646 3260 1721 3316 loeda
1733 3259 1793 3332 ejus

1004 3348 1164 3404 macilentia
1177 3367 1203 3407 v.
1218 3346 1345 3404 Platonis
1360 3350 1460 3405 comici
1475 3351 1578 3405 lncert.
1600 3368 1627 3407 a.
1649 3375 1661 3399 υ
1679 3351 1704 3403 E
1716 3351 1757 3406 M.

1391 3500 1415 3538 1.

1044 3591 1146 3648 Pollux
1162 3599 1188 3661 ί,
1205 3591 1279 3666 169·.
1300 3591 1329 3646 οὗ
1345 3589 1421 3665 μόνον
1437 3588 1462 3646 δὲ
1482 3585 1580 3657 κοτύλη
1594 3588 1639 3645 καὶ
1656 3590 1741 3667 ὑγρῶν
1759 3578 1790 3658 ἧν
1908 3655 1910 3659 Ι

1005 3678 1050 3737 καί
1063 3677 1147 3757 ξηρῶν
1162 3675 1268 3757 μέτρον,
1283 3680 1317 3744 ὡς
1335 3677 1498 3756 πολλαχόθεν
1514 3680 1531 3747 ἡ
1550 3675 1677 3756 κωμῳδία
1692 3678 1790 3748 iacta·

1004 3768 1062 3839 λοῖ,
1076 3765 1145 3824 ἀλλὰ
1170 3762 1215 3824 καί
1231 3764 1349 3845 κόφινος,
1365 3764 1459 3844 μίτρον
1483 3762 1623 3836 Βοιώτιον,
1642 3764 1723 3843 ἄμφω
1744 3788 1791 3842 με·

1005 3859 1090 3936 τροῧν.
1106 3857 1170 3933 Στρ.
1185 3859 1246 3931 γοῦν
1261 3876 1338 3933 φησιν
1355 3855 1382 3911 ἐν
1394 3857 1431 3932 τῷ
1444 3854 1559 3932 Κινησία

1059 4015 1075 4050 ιι
1094 3984 1140 4053 Tit
1157 3977 1186 4050 d’
1204 3981 1302 4075 ἄλφιίί
1318 3990 1389 4075 ὑμῖν
1404 3993 1467 4060 πῶς
1487 3987 1643 4068 ἐπώλουν,
1666 3989 1695 4068 β.
1715 3985 1792 4049 Ter·

1695 4089 1793 4182 sciptor

1055 4190 1198 4289 δραχμῶν
1215 4197 1351 4288 μάλιστα
1367 4198 1419 4262 τὸν
1436 4197 1566 4286 κόφινον.
1583 4222 1611 4260 α.
1624 4194 1664 4261 Τί
1678 4198 1793 4288 λέγεις,

1693 4304 1793 4392 νέον

1056 4413 1186 4501 ἐχρῶντο
1200 4408 1331 4499 κοφίνῳ,
1759 4411 1761 4416 '

1005 4548 1044 4620 *h
1064 4551 1123 4627 (hie
1140 4552 1171 4606 in
1185 4552 1295 4624 optimo
1316 4549 1382 4608 eod.
1399 4549 1490 4607 Paris.
1507 4547 1606 4603 lacuna
1621 4565 1723 4603 norem
1741 4546 1792 4603 dc·

1005 4658 1103 4696 cemve
1116 4637 1279 4714 literarum)
1295 4639 1339 4694 τοῦ
1357 4634 1430 4694 ταῦθ’
1443 4635 1504 4711 (ed.
1521 4635 1610 4691 Βολίι.
1631 4634 1700 4691 τοῦτ’
1716 4630 1790 4710 αὔθ’)

1005 4725 1044 4783 ὅτι
1060 4725 1115 4806 (al.
1127 4725 1188 4802 ὅτε)
1204 4722 1273 4783 οίνου
1287 4724 1389 4804 κόφινος
1404 4720 1545 4798 δυνάμενος
1556 4729 1625 4800 τρεῖς
1643 4721 1787 4799 χόαςπυρ-

1005 4815 1057 4891 ρῶν
1069 4810 1154 4870 ταύτδι
1167 4811 1224 4879 ταῖς
1237 4811 1352 4890 κοφίναις
1373 4812 1416 4888 (in
1430 4812 1475 4868 cd.
1498 4811 1586 4868 Bell.
1612 4810 1716 4887 πυρρῶν
1731 4811 1788 4874 ταῖς

1005 4900 1121 4981 κοφίναις
1145 4898 1229 4959 scirit
1248 4904 1332 4958 ταῦτα
1353 4897 1522 4975 δυνάμενος),
1543 4923 1554 4949 υ
1576 4900 1643 4954 llaec
1658 4915 1687 4953 se
1705 4916 1791 4972 expe·

1005 4992 1066 5048 dire
1086 5003 1170 5066 negat
1184 4992 1283 5062 Mein,
1299 5008 1393 5064 neque
1411 4989 1460 5044 alii
1479 4986 1630 5059 juvarunt,
1643 4986 1697 5041 nisi
1710 4986 1792 5060 quod

1004 5081 1092 5158 πυρῶν
1107 5079 1273 5155 ponendum
1289 5097 1348 5136 esse
1365 5078 1575 5135 intellexerunt.
1592 5078 1719 5134 Fortasse
1733 5078 1789 5133 Str.

1004 5176 1077 5232 dixit

1053 5312 1181 5402 ἐχρῶντο
1190 5307 1319 5398 κοφίνῳ,
1330 5307 1361 5372 τί
1376 5301 1458 5388 τόδ’,
1473 5312 1519 5372 ὅτ’
1536 5307 1617 5373 οἴνου
1629 5302 1791 5395 δυνάμενος

1053 5415 1170 5504 κόφινος
1195 5414 1269 5506 χόας
1299 5419 1396 5504 τρεῖς,
1426 5423 1486 5477 τῶν
1512 5438 1544 5476 τε
1574 5419 1672 5500 πυρῶν
1695 5409 1792 5474 ταύτὰ

1691 5521 1790 5604 τρεῖς,·

1004 5665 1063 5720 scil.
1080 5670 1150 5742 τρεῖς
1164 5661 1263 5743 κόφινοι
1279 5664 1368 5740 πυρῶν
1383 5673 1519 5736 quattuor
1541 5661 1690 5718 drachmis.
1707 5660 1791 5716 Glos-

1004 5770 1080 5807 sema
1092 5748 1190 5830 κόφινοι
1202 5762 1369 5826 eorruptum
1383 5760 1433 5807 est.

1311 5930 1478 5987 ClNESlAS.

1006 6035 1032 6075 a.
1045 6019 1097 6075 Sed
1122 6019 1290 6076 trumentum
1312 6018 1389 6073 vohis
1411 6015 1548 6088 quomodo
1570 6014 1741 6071 vendebant?
1763 6017 1789 6070 b.

1639 6105 1791 6174 [Quattuor

1006 6192 1122 6249 interime
1137 6191 1275 6247 drachmis
1287 6189 1447 6261 cophinum.
1462 6205 1486 6244 a.
1501 6187 1577 6243 Ain?
1592 6203 1718 6245 mmsura

1006 6279 1154 6336 utebantur
1165 6277 1299 6349 cophino?
1313 6274 1379 6348 quid
1392 6274 1459 6339 hoe,
1475 6273 1585 6346 quarido
1600 6275 1653 6329 vini
1668 6277 1775 6347 capiens

1006 6366 1140 6440 cophinus
1151 6365 1233 6422 choas
1244 6372 1313 6432 tres,
1327 6361 1461 6435 trilicique
1477 6360 1568 6419 itidem
1579 6365 1649 6419 tres?
