4084 8009
858 1490 1057 1595 seleutius.

147 1644 210 1681 mus
228 1625 326 1681 Kuhn.
339 1624 416 1679 hunc
437 1640 549 1679 versum
569 1623 651 1679 alteri
673 1622 870 1681 interlocutori
891 1633 935 1680 at-

148 1714 259 1771 tribuit.

330 1817 383 1872 EX'
401 1815 573 1872 INCER'l’lS
594 1817 761 1875 FABULIS.

532 1948 556 1983 1.

188 2041 316 2097 Stobaeus
327 2040 407 2096 Flor.
419 2057 449 2108 a,
461 2057 490 2110 a,
503 2057 569 2095 cum
580 2039 711 2096 lemmate
723 2036 848 2114 'birriaco
859 2037 935 2115 (sic).

198 2148 283 2223 ὅταν
297 2147 418 2246 δανείζῃ
436 2179 483 2230 τις
501 2160 618 2245 πονηρῷ
635 2156 781 2246 χρήματα

198 2262 291 2352 ἀνὴρ,
310 2250 436 2336 δικαίως
449 2256 515 2325 cirri
528 2268 588 2325 τῶν
601 2259 696 2326 τόκων
712 2259 776 2350 ἔχει

195 2368 306 2442 λύπας.

153 2520 165 2546 ι
183 2499 272 2552 Versu
289 2514 306 2551 τ
321 2494 469 2571 legebatur
482 2490 547 2573 ἀνὴρ
554 2536 564 2568 ,
581 2492 687 2559 δικαίως
702 2492 788 2551 αὐτῶν
804 2490 848 2551 τδν
861 2489 937 2550 τόκον

148 2579 233 2648 λύπας
245 2579 309 2660 ἔχει.
325 2582 440 2640 Grotius

188 2692 255 2775 ἀνὴρ
268 2690 376 2760 δικαίως
389 2690 434 2752 τὸν
449 2690 525 2751 τόκον
538 2689 625 2757 λύπας
635 2688 711 2770 ἔχει,

149 2808 230 2884 quod
245 2810 354 2883 recepit
371 2799 514 2867 Gaisforil.
531 2807 602 2863 Mihi
615 2808 714 2881 potior
732 2808 790 2863 risa
803 2820 846 2864 est
859 2808 937 2865 Man

149 2896 336 2955 cianicodicis
345 2898 484 2974 scriptura
494 2895 572 2973 apud
583 2914 649 2954 eum
658 2894 737 2971 praef.
749 2895 854 2954 Stobaei
865 2916 895 2972 p.
909 2896 937 2969 6,

149 3005 236 3059 quam
249 2996 339 3042 totam
355 2987 573 3061 repraesentavi,
592 2986 648 3041 nisi
669 2985 749 3059 quod
769 2987 867 3061 scripsi
881 2982 938 3064 ἔχει

149 3072 233 3140 λύπας
244 3093 299 3148 pro
311 3070 397 3139 λύπας
411 3071 477 3152 ἔχει.
496 3076 623 3131 Fortasse
638 3085 732 3130 tamen
746 3092 862 3150 prorsus
872 3076 937 3130 inu-

150 3163 200 3219 tile
211 3162 282 3219 illud
297 3158 362 3240 άνὴρ
376 3160 548 3233 delendum,
560 3180 713 3236 versusque
727 3163 766 3217 ita
772 3161 938 3219 scribendus

150 3260 191 3306 est

190 3359 301 3432 δίκαιος,
315 3358 374 3418 άντὶ
385 3361 438 3418 τῶν
452 3357 534 3418 τόκων
547 3357 632 3425 λύπας
645 3357 717 3439 ἔχει,

150 3494 208 3531 sive

191 3581 287 3650 δίκαιός
300 3584 355 3642 ἔστι
366 3581 409 3642 τδν
423 3581 499 3642 τόκον
513 3580 599 3672 λύπας
610 3582 687 3663 ἔχειν.
703 3609 715 3636 a

151 3699 176 3751 E
185 3700 228 3755 M.
241 3699 341 3767 Miror,
354 3699 421 3753 talia
436 3697 533 3753 conari
546 3698 625 3755 viros
634 3697 812 3755 doctissimos
824 3699 938 3773 cognita

151 3786 291 3860 scriptura
304 3786 372 3840 boni
392 3783 499 3840 codicis
509 3803 568 3839 non
585 3786 834 3859 reprehendenda,
849 3805 937 3860 quum

151 3892 251 3946 parum
269 3874 336 3928 utile
350 3874 387 3928 sit
397 3870 495 3938 δίκαιος
511 3890 518 3931 :
539 3890 606 3928 nam
619 3874 690 3948 quid
701 3876 817 3943 attinet,
831 3881 937 3946 justum

151 3963 243 4016 virum
263 3979 321 4017 esse
340 3972 396 4016 tam
417 3962 491 4017 male
505 3960 672 4018 credulum?
693 3962 741 4019 sed
757 3967 837 4033 juste
850 3962 938 4039 plecti

151 4049 257 4106 dicitur
268 4049 304 4106 de
317 4050 511 4126 incogitantia.

192 4258 286 4331 Etym.
301 4259 342 4317 M.
358 4277 388 4335 p.
400 4256 470 4333 775,
483 4259 520 4316 3ο
533 4276 540 4317 :
551 4254 663 4317 Ὑϊκδν
676 4257 780 4337 δέρμα
795 4258 846 4337 οὐχ
860 4256 904 4338 clip
923 4292 939 4305 ·

151 4366 195 4400 ται
209 4345 235 4401 ἐν
255 4341 366 4422 χρήσει,
382 4345 404 4402 εί
424 4342 462 4419 μὴ
479 4342 552 4424 παρδ
577 4344 727 4425 Ἀξιονίκῳ·
750 4344 872 4404 ούδίποτι
886 4344 939 4427 γδρ

150 4428 216 4498 tlte
228 4430 391 4509 σημαίνουσα
401 4430 477 4512 μίρυς
489 4430 611 4512 σώματος
623 4432 678 4516 ign
693 4435 729 4502 εἰς
740 4456 785 4494 κον
799 4434 937 4510 κτητικδν,

151 4516 221 4576 tlt&
242 4520 285 4579 διδ
305 4526 421 4602 καθαροῦ
440 4526 485 4581 τοῦ
507 4546 546 4586 ον.
567 4525 597 4583 οὔ
621 4522 673 4603 γδρ
687 4522 799 4601 λίγομεν
822 4522 939 4602 χοιρικδν

151 4605 247 4685 κρέας,
263 4608 331 4667 ἀλλὰ
343 4609 464 4690 χοίρειοι.
487 4636 500 4663 ι
520 4613 629 4670 Eadem
642 4614 791 4671 Philemon
811 4614 937 4672 Gramm.

151 4713 181 4768 p.
204 4714 257 4765 ¹7²
272 4697 318 4753 ed.
333 4698 449 4759 Osanni.
464 4722 476 4749 ι
492 4700 518 4754 Ε
528 4701 573 4758 Μ.

504 4934 579 4996 le.

382 5068 699 5138 CALLICRATES.

191 5201 282 5258 Semel
302 5203 348 5259 hic
372 5216 458 5279 poeta
480 5215 657 5263 memoratur
675 5224 722 5280 ap.
749 5205 852 5261 Athen.
879 5205 930 5271 ι3,

150 5307 181 5362 p.
198 5288 271 5360 586,
285 5291 327 5361 A,
348 5291 385 5348 de
405 5295 512 5369 Sinope
529 5296 695 5368 meretrice,
713 5304 783 5348 nota
801 5294 884 5349 etiam
902 5310 937 5349 ex

154 5378 362 5438 Demosthene:
381 5378 537 5455 μνημονεύει
549 5381 573 5438 δ’
586 5382 666 5451 αὐτῆς
675 5378 827 5455 Ἀντιφάνης
838 5379 865 5436 ἰν
880 5378 937 5457 Ἀρ·

153 5462 214 5518 κάδι
226 5462 271 5520 καὶ
285 5465 311 5521 ἐν
325 5466 477 5546 Κηπουρῷ,
490 5470 517 5525 ὶν
535 5466 688 5545 Ἀκεστρίᾳ,
707 5468 733 5524 ίν
751 5465 935 5545 Ἁλιευομένῃ,

152 5549 178 5606 ίν
193 5549 330 5629 Νεοττίδι,
342 5551 498 5620 καίἈλιξις
519 5555 546 5612 ἐν
566 5553 761 5633 Κλιούουλίνῃ,
782 5553 827 5612 καὶ
851 5552 938 5613 Κάλ·

153 5636 311 5716 λικριίτης
331 5640 358 5698 ίν
381 5640 567 5719 Μοσχίωνι,
590 5643 626 5700 de
644 5643 778 5717 quotide
792 5644 822 5698 in
836 5652 936 5700 annot.

153 5728 283 5784 Axionici
299 5729 454 5805 Phileurip.
466 5730 500 5791 fr.
519 5749 546 5800 1,
558 5750 588 5790 v.
607 5730 653 5787 ι3.

342 5972 393 6026 Ex
411 5972 575 6029 INCERTlS
594 5972 757 6029 rannus.

152 6141 180 6197 Si
192 6142 253 6214 quis
267 6142 308 6199 vir
318 6157 401 6218 pravo
415 6143 520 6202 homini
528 6064 660 6205 ihutuum
669 6144 717 6203 dat
726 6152 869 6218 argentum

154 6228 251 6286 merito
267 6247 316 6304 pro
327 6231 434 6291 foeuora
448 6232 530 6292 babet

154 6329 292 6373 moerorcs.

1262 1619 1492 1787 redibas.

1023 1861 1094 1916 «De
1114 1859 1170 1914 boc
1186 1856 1313 1913 Eudocia
1324 1874 1355 1932 p.
1377 1852 1452 1912 166:
1470 1848 1628 1928 Ἐπιγίνης,
1641 1849 1767 1924 κωμικός.

984 1942 1091 2024 ρίριται
1120 1945 1200 2003 αὐτοῦ
1221 1941 1345 2023 δράματα
1366 1937 1502 2020 Ἦρωίνη,
1527 1939 1572 1998 καὶ
1594 1937 1767 2012 Μνημάτιον,

983 2029 1029 2087 καί
1053 2033 1184 2110 Βακχιῖα.
1207 2027 1264 2088 ίστι
1283 2028 1310 2088 δδ
1330 2030 1382 2088 τῶν
1406 2022 1598 2107 ἀρχαιοτάτων.
1617 2028 1769 2083 Enimvero
1808 2070 1811 2077 .

983 2119 1134 2176 confundit
1153 2118 1295 2188 Eudocia,
1309 2117 1486 2193 quodetiam
1506 2115 1641 2175 Fabricio
1653 2115 1768 2184 accidit,

983 2208 1142 2283 Epigenem
1160 2208 1302 2264 comicum
1325 2225 1390 2263 enm
1410 2207 1539 2281 Epigene
1563 2206 1671 2279 tragico
1697 2206 1770 2259 anti-

984 2296 1133 2367 quissimo,
1159 2293 1197 2351 de
1219 2312 1278 2368 quo
1301 2296 1458 2352 Hennann.
1482 2291 1520 2349 ad
1543 2292 1662 2348 Ατίεῑοι.
1683 2288 1766 2346 Poet.

983 2401 1013 2457 p.
1034 2390 1101 2452 rot,
1112 2393 1141 2439 et
1151 2382 1278 2438 lacobus
1291 2383 1395 2455 Quaest.
1411 2382 1502 2455 Soph.
1521 2398 1548 2450 1,
1564 2399 1595 2454 p.
1617 2385 1665 2442 ta.
1679 2379 1769 2434 Recte

984 2470 1072 2542 igitur
1082 2468 1183 2525 Suidas
1193 2469 1288 2524 omisit
1301 2468 1389 2523 verba
1403 2464 1559 2543 ίστι...άρχ.
1571 2467 1676 2522 Contra
1687 2484 1769 2521 novae

986 2554 1134 2611 cornoediae
1153 2568 1269 2630 poetam
1286 2555 1441 2632 Epigenem
1454 2555 1524 2611 dicit
1539 2555 1643 2610 Pollux
1661 2573 1690 2624 7,
1707 2569 1768 2627 29:

983 2643 1036 2699 τῶν
1047 2639 1075 2700 δί
1083 2640 1149 2699 νάιον
1160 2663 1199 2708 τις
1209 2644 1335 2719 κωμικῶν
1344 2640 1497 2718 Ἐπιγένης.
1508 2641 1565 2699 Sed
1577 2643 1644 2697 huic
1655 2643 1767 2715 quomi-

983 2752 1038 2789 nus
1051 2731 1138 2793 fidem
1151 2733 1321 2807 babeamus,
1338 2732 1396 2792 duo
1414 2742 1579 2810 argumenta
1597 2730 1769 2807 prohibent,

984 2839 1109 2899 quorum
1119 2824 1240 2889 alterum
1254 2823 1311 2879 boc
1327 2834 1385 2894 eet,
1407 2823 1486 2896 quod
1501 2822 1538 2879 de
1551 2818 1685 2899 Ἀργυρίου
1697 2822 1769 2897 ἀρα-

983 2913 1070 2988 νισμῷ
1091 2911 1252 2968 dubitatum
1269 2922 1311 2967 ost
1328 2913 1403 2968 inter
1420 2922 1545 2979 veteres,
1570 2920 1666 2964 utrum
1687 2911 1769 2964 nnti-

983 2999 1071 3073 phani
1081 3017 1117 3054 an
1125 3000 1246 3075 Epigoni
1256 2999 1405 3055 tribuenda
1413 3009 1483 3056 esset
1493 2998 1609 3069 (Attien.
1619 3016 1649 3072 9,
1659 3016 1690 3071 p.
1701 3004 1769 3072 409,

984 3086 1037 3157 D),
1054 3085 1136 3158 quod
1155 3084 1216 3141 fieri
1236 3087 1462 3159 nonpotuisset,
1478 3086 1531 3140 nisi
1543 3083 1668 3156 ejusdem
1683 3085 1770 3141 aetatis
1895 3096 1899 3103 '

983 3171 1099 3227 ίαίειειιῑ
1108 3187 1117 3241 ;
1126 3181 1186 3225 tum
1198 3171 1257 3244 ipse
1271 3173 1320 3245 Ep.
1335 3171 1365 3225 in
1380 3165 1530 3247 Μνηματίῳ
1540 3178 1585 3243 ap.
1595 3169 1699 3227 Athen.
1717 3188 1768 3239 ιι,

983 3280 1014 3337 p.
1032 3267 1101 3334 ἀρα,
1114 3260 1147 3329 F,
1162 3257 1347 3329 Pixodarum,
1359 3260 1446 3316 Cariae
1459 3261 1631 3334 principem,
1644 3278 1769 3315 comme·

984 3360 1093 3417 morat,
1112 3350 1178 3423 qui,
1199 3348 1369 3404 Hecatomni
1390 3344 1514 3402 filiorum
1534 3355 1603 3401 natu
1627 3345 1768 3413 minimus,

982 3448 1136 3513 postquam
1155 3435 1247 3491 Adam
1258 3452 1403 3504 sororem,
1417 3432 1537 3490 Hidrieo
1552 3432 1632 3487 fratri
1649 3441 1769 3505 nuptam

985 3534 1013 3581 et
1027 3536 1090 3599 post
1104 3541 1170 3579 eum
1191 3535 1373 3598 regnantem,
1394 3523 1557 3596 expulerat,
1573 3523 1633 3598 ipse
1646 3521 1768 3596 imperio

983 3614 1092 3688 potitus
1110 3623 1153 3668 est
1173 3613 1281 3686 olymp.
1305 3629 1372 3686 109,
1390 3617 1406 3679 4
1422 3609 1502 3689 (ante
1515 3611 1584 3668 Chr.
1601 3619 1660 3667 nat.
1681 3607 1767 3684 360),

984 3712 1054 3758 teste
1063 3699 1193 3756 Diodoro
1205 3700 1261 3756 sic.
1277 3697 1323 3769 16,
1339 3705 1387 3769 τί.
1401 3700 1463 3755 Jam
1477 3698 1525 3753 hic
1540 3716 1629 3771 quum
1639 3695 1769 3752 Pixoda-

983 3806 1047 3843 rum
1061 3789 1188 3862 quinque
1198 3804 1288 3843 annos
1299 3804 1428 3861 regnasse
1439 3784 1525 3853 dicat,
1538 3796 1570 3840 ut
1579 3786 1685 3859 olymp.
1701 3802 1769 3858 ιιι,

989 3895 1001 3931 1
1019 3873 1103 3954 (ante
1117 3877 1184 3933 Chr.
1200 3886 1259 3935 nat.
1277 3873 1349 3950 335)
1363 3875 1479 3947 obierit,
1502 3875 1641 3949 Epigenes
1651 3891 1713 3929 earn
1727 3871 1768 3927 fa·

984 3964 1083 4020 hulam
1093 3974 1160 4039 post
1178 3963 1211 4019 id
1228 3974 1338 4039 tempus
1351 3963 1456 4019 docere
1473 3980 1534 4018 non
1552 3961 1656 4036 potuit.
1674 3960 1769 4032 Quare

984 4053 1076 4107 virum
1090 4050 1190 4107 mediae
1206 4051 1299 4126 poetis
1316 4050 1462 4108 comoediae
1479 4066 1628 4106 accensere
1641 4066 1701 4104 non
1712 4047 1767 4103 du-

984 4138 1147 4198 bitavimus.
1161 4162 1174 4188 ι
1185 4139 1211 4193 E
1222 4139 1266 4197 M.

1124 4262 1148 4319 l.
1171 4259 1361 4320 terretur
1387 4257 1627 4319 ἈΦἈΝΙΣΜΟΣ.

1024 4373 1097 4431 Vide
1126 4374 1294 4451 Antiphanis
1321 4374 1510 4452 fragmentum
1533 4373 1635 4430 fabule
1661 4390 1767 4448 cogno·

984 4463 1078 4521 minis.

1258 4545 1297 4604 11.
1319 4542 1498 4603 Battxlax.

1024 4655 1145 4732 «Apud
1169 4656 1274 4712 Athen.
1308 4675 1355 4725 11,
1376 4675 1408 4730 p.
1433 4652 1491 4729 498
1509 4655 1544 4725 Ε,
1567 4652 1634 4707 libri
1652 4646 1768 4728 Βακχίρ.

984 4743 1145 4819 Schweigh.
1165 4740 1305 4821 Βακχιίρ,
1323 4762 1386 4818 quae
1405 4740 1523 4813 Bentleii
1541 4739 1706 4812 conjectura
1727 4748 1771 4795 est

984 4849 1039 4906 pro
1052 4827 1192 4909 Βραγχίιρ,
1208 4829 1289 4904 quod
1300 4829 1446 4906 legebatur
1455 4846 1502 4903 ap.
1512 4827 1617 4885 Athen.
1635 4825 1664 4901 3,
1675 4845 1704 4900 p.
1718 4823 1768 4896 75,

986 4918 1018 4978 G.
1033 4915 1150 4995 Βάκχαις
1165 4918 1288 4975 habetur
1300 4919 1406 4977 Athen.
1419 4936 1449 4991 9,
1463 4936 1494 4991 p.
1509 4916 1579 4986 384,
1595 4919 1630 4973 Α.
1646 4914 1767 4990 Βακχεῑα

987 5016 1213 5062 commemorant
1233 5005 1334 5062 Snidas
1357 5015 1388 5061 et
1409 5004 1546 5061 Eudocia.
1573 4998 1693 5079 Βακχίας
1715 5002 1769 5055 viri

986 5112 1091 5150 nomen
1111 5093 1195 5150 fuisse
1216 5105 1327 5151 constat
1346 5110 1354 5151 :
1372 5093 1409 5150 ad
1430 5093 1504 5149 banc
1531 5093 1619 5167 igitur
1640 5105 1770 5144 normam

985 5182 1112 5238 Athenaei
1126 5183 1182 5239 loci
1201 5182 1363 5258 corrigendi
1375 5201 1434 5238 esse
1447 5181 1590 5239 videntur.
1608 5203 1620 5229 a
1637 5178 1716 5233 EM.
1739 5179 1742 5186 '

1365 5305 1391 5346 1.

1023 5388 1127 5447 Athen.
1142 5386 1171 5459 3,
1186 5407 1218 5465 p.
1235 5387 1289 5465 75,
1304 5390 1326 5446 C
1348 5409 1356 5444 ι
1378 5385 1542 5466 χελιδονείων
1557 5384 1584 5443 δὲ
1599 5384 1685 5443 σύκων
1701 5407 1768 5459 μνη-

985 5471 1088 5551 μονεύει
1100 5472 1163 5536 Ἐπ.
1180 5475 1207 5531 ἐν
1220 5473 1341 5555 Βραγχίιρ
1354 5475 1438 5554 (sic),

1082 5618 1131 5631 —
1145 5566 1216 5648 Εἶτ’
1229 5582 1352 5675 ἔρχεται

1032 5678 1228 5781 χελιδονείων
1243 5692 1310 5777 μετ’
1332 5683 1434 5778 ὀλίγον
1449 5691 1587 5775 σκληρῶν
1601 5674 1689 5774 ἁδρός

1036 5792 1222 5871 πινακίσκος.

1281 5971 1470 6028 sacculis.

1362 6065 1373 6113 l

1019 6174 1055 6185 -
1066 6146 1140 6201 Tum
1151 6142 1227 6200 bravi
1244 6150 1305 6216 post
1319 6101 1393 6200 vonit

985 6227 1203 6288 chelidoniamm
1218 6228 1319 6287 florum
1333 6227 1464 6287 durarum
1475 6243 1566 6286 crassa

986 6316 1085 6391 patina.
