4084 8009
844 1653 1058 1712 PRAEFATIO.
1577 1679 1610 1723 ιχ

288 1784 380 1854 neris
398 1784 507 1877 hujus
525 1786 699 1854 rationem
718 1801 828 1855 totam
846 1801 881 1855 et
900 1787 986 1856 olim
1005 1772 1207 1884 explicuere
1228 1790 1331 1863 multi
1347 1809 1380 1863 et
1403 1799 1612 1891 nuperrime

283 1906 464 1976 duumviri
478 1906 630 1999 juvenes
651 1932 691 1975 ex
711 1910 905 1978 certamine
923 1908 1079 1979 literario
1094 1913 1267 1981 coronati.

330 2025 467 2098 Horum
485 2045 692 2125 poetarum,
715 2055 870 2125 quorum
896 2057 1068 2102 numerus
1085 2047 1233 2103 centum
1249 2050 1284 2104 et
1315 2036 1438 2130 viginti
1461 2040 1609 2109 nomina

280 2151 433 2238 excedit,
447 2151 638 2246 fragmenta
656 2177 719 2249 per
734 2154 850 2222 varios
868 2155 1059 2251 scriptores
1072 2154 1251 2252 dispersa,
1268 2172 1350 2253 post
1366 2159 1609 2231 instauratum

281 2276 461 2346 literarum
479 2279 681 2348 Graecarum
702 2276 881 2365 studium,
911 2277 1183 2375 pulchritudine
1202 2304 1264 2350 sna
1287 2281 1421 2354 multos
1448 2284 1610 2356 eruditos

279 2398 493 2469 attinuerunt
509 2427 515 2467 :
536 2401 629 2470 inter
644 2426 735 2497 quos
748 2455 756 2485 ,
774 2416 856 2497 post
874 2402 1070 2472 llenricum
1085 2404 1331 2499 Stephanum,
1354 2407 1487 2477 eminet
1502 2415 1608 2479 Huoo

278 2532 436 2597 Gnortus
449 2580 458 2613 ,
472 2528 534 2623 qui
548 2526 702 2622 plurima
720 2542 754 2595 et
772 2527 808 2596 in
828 2528 970 2598 Stobaeo
989 2553 1056 2598 suo
1075 2544 1110 2598 et
1125 2530 1161 2598 in
1179 2532 1366 2627 Excerptr's
1385 2536 1608 2627 Tragicorum

279 2665 310 2716 et
332 2652 549 2717 Corm'corum·
564 2649 825 2743 elegantissime
843 2649 999 2720 reddidit
1018 2652 1182 2736 versibus
1202 2650 1332 2722 latinis.
1359 2653 1446 2724 Illos
1465 2670 1606 2743 autem,

279 2772 342 2866 qui
363 2770 513 2865 singulis
529 2773 647 2867 poetis
659 2770 804 2841 doctam
815 2796 938 2841 curam
954 2771 1218 2859 adhibuerunt,
1233 2775 1263 2843 si
1277 2774 1348 2843 boc
1363 2775 1444 2845 loco
1461 2800 1609 2846 enume-

279 2920 413 2981 rarem,
431 2893 604 2964 inutiliter
629 2892 757 2987 longus
779 2920 856 2963 esse
878 2895 1005 2964 merito
1020 2894 1174 2981 viderer,
1194 2897 1278 2991 quia
1305 2910 1423 2965 totum
1441 2922 1533 2994 opus
1548 2899 1609 2969 ab·

278 3018 384 3086 solvit
407 3042 501 3085 unus
525 3022 711 3085 Aueosrus
734 3020 916 3103 Mersus,
938 3018 1143 3087 universam
1161 3008 1376 3088 comoediam
1388 3022 1547 3089 Graecam
1574 3037 1605 3088 et

277 3165 406 3210 omnes
422 3139 574 3208 omnino
597 3138 674 3231 ejus
693 3124 860 3234 reliquias
878 3141 889 3229 l
900 3156 1027 3235 praeter
1050 3141 1296 3236 Aristophanis
1323 3141 1460 3211 fabulas
1487 3167 1608 3237 snper-

277 3267 399 3359 stites)
423 3266 669 3339 voluminibus
693 3269 855 3363 quinque
870 3268 1088 3365 complexus.
1103 3273 1170 3338 Per
1183 3268 1324 3362 longam
1345 3293 1525 3338 annorum
1556 3295 1606 3338 se·

278 3392 364 3459 riem
390 3394 541 3461 eximius
563 3394 629 3475 vir,
654 3391 829 3488 quicquid
850 3418 869 3461 a
895 3394 1027 3462 Graecis
1050 3393 1286 3489 scriptoribus
1305 3393 1416 3497 ⁴nobis
1441 3392 1605 3464 relictum

277 3528 338 3581 aut
353 3513 398 3583 ab
423 3516 555 3583 Latinis
581 3540 600 3583 e
623 3540 735 3608 graeco
753 3515 904 3585 ductum
926 3531 999 3602 est,
1018 3529 1182 3585 accurate
1196 3529 1230 3584 et
1246 3516 1423 3611 patienter
1443 3514 1604 3609 legebat,

276 3658 513 3733 qrraecumque
533 3637 577 3706 ad
598 3662 671 3707 rem
700 3640 875 3707 comicam
900 3652 1064 3733 spectant
1083 3636 1272 3731 diligenter
1297 3662 1503 3734 excerpens.
1534 3643 1605 3706 lm·
1687 3639 1690 3643 ’

278 3782 440 3827 mensam
455 3775 490 3827 et
507 3758 602 3828 mole
620 3774 652 3828 et
675 3760 843 3829 varietate
867 3761 1050 3830 materiam
1065 3761 1116 3829 sic
1130 3759 1317 3829 collectam
1335 3758 1467 3829 deinde
1483 3760 1605 3855 (quod

276 3895 349 3948 erat
367 3880 641 3973 difficillimum)
668 3883 738 3951 acri
753 3898 788 3951 et
806 3882 927 3953 sobrio
947 3882 1085 3976 judicio
1110 3881 1290 3978 disposuit
1306 3882 1342 3951 in
1369 3880 1606 3977 lucidumque

268 4002 442 4072 ordinem
471 4004 616 4097 redegit.
634 4004 745 4098 Cujus
772 4007 845 4075 sive
870 4009 1058 4074 Historiam
1083 4011 1236 4073 criticam
1260 4006 1437 4073 comoedr'oe
1471 4009 1606 4075 Grrecrr

274 4126 388 4219 legas,
415 4128 489 4195 sive
518 4126 798 4222 fragmentorum
818 4129 1119 4197 commentarium
1137 4127 1324 4212 criticum,
1357 4128 1493 4198 nescias
1516 4128 1605 4223 quid

274 4251 385 4343 magis
413 4252 448 4318 in
477 4276 520 4319 eo
545 4252 622 4320 viro
649 4250 855 4338 admireris,
884 4251 1086 4320 doctrinam
1115 4251 1522 4345 consummatissimam,
1559 4277 1603 4320 an

275 4374 406 4441 mentis
430 4375 671 4467 sagacitatem,
689 4400 733 4442 an
751 4372 1069 4470 prudentissimam
1083 4372 1209 4466 judicii
1225 4373 1602 4467 circumspectionem,

277 4519 320 4562 an
341 4519 513 4565 venerum
531 4497 751 4590 poeticarum
772 4520 918 4564 sensum
944 4494 1134 4564 subactum
1145 4509 1188 4564 'et
1211 4494 1421 4587 elegantem.
1445 4494 1502 4563 Sic
1519 4493 1605 4563 lllei-

278 4616 472 4685 aelianum
493 4643 641 4703 nomen,
661 4618 750 4686 dum
771 4618 874 4687 bonae
891 4617 998 4687 literae
1016 4615 1201 4710 vigebunt,
1225 4639 1307 4683 cum
1323 4619 1452 4684 Graecae
1467 4617 1605 4686 Comoe-

275 4738 341 4807 diae
357 4740 530 4809 memoria
544 4740 780 4833 conjunctum
796 4738 1033 4836 permanebit.

320 4859 433 4930 llodie
449 4862 598 4957 quidem
615 4862 788 4957 plurima,
806 4887 885 4957 quae
906 4861 967 4931 llle
981 4886 1045 4956 per
1062 4860 1213 4930 arduam
1229 4858 1521 4955 disquisitionem
1536 4858 1603 4929 do·

271 4986 450 5054 comentis
470 4983 584 5055 allatis
606 4983 868 5081 subductisque
885 4984 1104 5079 argumentis
1131 4998 1226 5053 extra
1244 5006 1393 5051 omnem
1407 4981 1603 5052 dubitatio·

272 5133 354 5177 nem
370 5110 493 5203 posuit
507 5124 541 5178 et
555 5135 635 5180 vera
646 5133 723 5178 esse
734 5079 1009 5195 demonstravit,
1022 5105 1291 5202 paucisverbis,
1303 5105 1459 5175 breviter
1470 5120 1503 5175 et
1516 5106 1599 5176 sim·

269 5233 409 5327 pliciter
422 5236 555 5304 narrari
567 5250 720 5331 possunt
735 5235 819 5331 (qui
833 5233 931 5303 docti
946 5248 981 5302 et
998 5233 1112 5316 critici
1123 5232 1189 5299 viri
1201 5229 1410 5326 triumphus
1421 5231 1598 5299 maximus

268 5356 393 5427 haberi
411 5357 541 5451 debet)
560 5386 566 5425 :
586 5374 625 5427 ut
645 5358 771 5444 nobis,
793 5359 872 5426 sine
887 5356 960 5426 ullo
982 5356 1033 5425 rei
1059 5354 1300 5425 detrimento.
1322 5349 1437 5421 multo
1457 5351 1600 5421 brevio-

268 5480 369 5550 ribus
389 5504 465 5550 esse
489 5480 640 5550 licuerit.
665 5485 821 5565 Tamen,
841 5502 1062 5575 quamquam
1087 5477 1123 5545 in
1140 5460 1354 5546 arctioribus
1374 5499 1440 5542 nos
1463 5471 1600 5541 finibus

265 5605 452 5674 continere
475 5602 703 5690 volebamus,
719 5628 846 5697 augere
866 5600 1044 5672 nonnulla
1061 5615 1098 5670 et
1119 5600 1290 5684 rectiora,
1309 5599 1338 5667 si
1358 5596 1434 5666 lteri
1453 5611 1597 5691 posset,

224 5716 228 5724 ⁸
264 5725 548 5823 perfectioraque
582 5725 721 5796 tradere
745 5730 1015 5820 prlortpcu‘pavor,
1052 5723 1233 5817 egregium
1266 5721 1429 5789 criticum
1462 5720 1500 5788 C.
1532 5721 1600 5786 Ga·

264 5848 403 5919 brielem
438 5849 535 5919 Cobet
576 5848 775 5919 identidem
806 5851 1038 5919 invitavimus
1065 5862 1103 5916 ut
1130 5846 1362 5914 Comicorum
1393 5843 1595 5912 recensioni

265 5994 413 6040 manum
432 5972 663 6060 admoveret,
688 5972 751 6042 sed
775 5973 967 6067 impetrare
989 5969 1034 6039 ab
1061 5996 1104 6039 eo
1133 5993 1208 6036 non
1230 5967 1425 6062 potuimus.
1456 5963 1596 6032 Deinde

158 6182 160 6185 ι
247 6091 438 6164 ΔἰΙΙιιεῑι·ειῐι
462 6096 579 6163 virum
593 6182 596 6187 y
611 6095 819 6164 'Herodorum
839 6084 951 6188 Bergtl
981 6092 1105 6163 eadem
1136 6114 1240 6186 prece
1262 6086 1470 6178 adivimus,
1499 6085 1593 6154 haud
