4084 8009
224 1501 262 1551 ⁴8

224 1619 353 1692 ἀνατολήν
365 1643 371 1657 ·
383 1620 428 1678 καί
443 1619 493 1701 γίιρ
505 1619 536 1691 δὴ
550 1619 652 1686 καὶτὰς
667 1619 780 1687 ἐκθύσεις
792 1622 855 1701 πρὸς
875 1621 919 1681 τδν
933 1622 1006 1693 ἥλιον

224 1709 368 1780 introitio,
382 1706 500 1787 καθάπερ
520 1706 566 1766 καλ
585 1709 611 1765 ἐν
634 1707 766 1789 Ἠλέκτρα
786 1710 890 1787 (415),
915 1710 961 1769 καὶ
983 1712 1007 1768 ol

222 1794 282 1861 ιοδς
296 1795 445 1876 καθαρμοὺς
459 1795 486 1854 δὲ
499 1798 674 1862 ἐπιτελοῦντες
688 1794 751 1875 πρὸς
762 1796 810 1867 clv
826 1796 861 1856 to
874 1797 1003 1858 ἵστανται.

226 1887 261 1943 K.
280 1884 392 1966 Χείρωνι
407 1883 478 1963 (sie)
496 1907 502 1941 ε

271 1991 332 2094 dre
350 1995 389 2076 δὴ
415 2002 487 2092 πρὸς
504 2003 544 2065 ἔω
559 2008 678 2091 πρῶτον
697 2001 842 2066 ἁπάντων
865 2004 940 2067 ἴστω
957 2001 1007 2066 καὶ

771 2102 909 2197 λοίμόανε
922 2108 1007 2200 χερσὶ

271 2221 373 2306 σχῖνον
394 2213 539 2306 μεγάλην.

222 2345 264 2397 De
283 2343 312 2396 vi
334 2359 437 2416 magna
451 2343 537 2397 scillae
560 2343 591 2395 in
612 2341 826 2397 lustrationibus
842 2342 1006 2417 Aristopha-

220 2450 269 2486 nes
283 2431 358 2506 apud
370 2434 512 2505 Harpocr.
526 2451 554 2506 p.
567 2449 617 2504 90,
633 2429 670 2484 28
685 2450 691 2483 :

261 2538 332 2620 Πρὸς
346 2538 390 2597 τδν
402 2538 518 2619 στροφέα
532 2542 578 2610 τῆς
592 2539 702 2604 αὐλαίας
721 2538 811 2618 σχίνου
829 2539 945 2619 κεφαλὴν
957 2563 1005 2598 κα·

865 2628 1005 2706 τορόττειν.

219 2743 263 2796 λιιι
281 2741 355 2795 enim
370 2744 424 2814 pro
449 2736 535 2816 ἐχίνου
556 2760 615 2817 κεφ.
639 2740 760 2796 correxi.
777 2739 884 2794 Plinius
907 2743 942 2798 H.
968 2740 1003 2801 N.

222 2847 269 2899 ευ,
290 2829 340 2904 39.
367 2848 374 2883 :
400 2828 579 2900 Pythagoras
599 2831 708 2882 scillam
732 2833 761 2881 in
781 2831 879 2882 limine
900 2848 1007 2902 quoquc

213 2923 316 2987 Januae
334 2935 496 2990 suspensam
519 2918 656 2973 ικαᾶιναυι
678 2916 941 2970 medicamentorum
961 2922 1005 2970 in·

219 3011 327 3061 troitum
335 3008 443 3079 pellere
458 3006 556 3062 tradit.
571 3004 678 3060 Eodem
691 3006 836 3078 pertinent
847 3022 909 3077 quae
919 3004 1005 3060 habet
1028 3053 1031 3061 .

218 3095 367 3149 anatolius
388 3093 467 3167 apud
491 3092 655 3149 Fabricium
675 3093 748 3147 Bibl.
765 3093 814 3148 Gr.
836 3092 887 3149 lib.
906 3097 934 3161 4,
958 3110 1005 3165 29,

217 3202 248 3256 p.
267 3182 322 3238 330
338 3202 344 3235 :
360 3179 444 3245 Λύκος
462 3181 578 3251 α’κινητεῖ
589 3180 695 3249 σκίλλης
707 3179 779 3258 αὐτῷ
791 3176 1007 3257 προσενεχθείσης

220 3271 308 3342 (male
322 3269 411 3324 codd.
427 3264 678 3346 προσενελθοόσης).
693 3270 736 3325 Cs.
751 3267 1005 3323 Pseudodemoeri-

219 3369 263 3411 tus
274 3358 314 3413 ib.
330 3377 360 3430 p.
377 3355 445 3425 336,
460 3357 592 3431 Diphilus
607 3356 684 3430 apud
700 3357 789 3411 Clem.
803 3357 883 3414 Alex.
899 3357 1003 3416 Strom.

220 3464 248 3515 ς,
262 3464 291 3517 p.
310 3444 379 3517 303,
400 3452 416 3510 l,
437 3444 530 3516 sylb„
551 3444 671 3500 Casaub.
694 3443 731 3499 ab
754 3444 898 3518 Theophr.
922 3445 1003 3504 char.

181 3529 193 3567 ¹.
223 3532 267 3602 16,
284 3552 315 3607 p.
335 3531 402 3590 186.
416 3563 456 3575 -
468 3532 624 3588 Chironum
640 3534 759 3587 chorum
771 3533 829 3587 haec
844 3532 939 3588 dicere
950 3553 1005 3608 pu·

221 3630 259 3676 tat
274 3621 375 3694 Bergk.
393 3623 563 3679 Commentt.
582 3641 614 3695 p.
632 3619 701 3694 239,
718 3621 927 3694 colloquentem
939 3640 1004 3676 cum

219 3710 339 3782 aliquo,
362 3711 411 3782 qui
434 3711 568 3765 Solonem
591 3728 625 3764 ex
644 3708 741 3764 inseris
754 3710 888 3763 suscitare
907 3710 1002 3767 vellet.

219 3801 260 3851 iic
274 3793 384 3851 c'onstat
396 3815 479 3865 sane,
501 3797 659 3853 inferorum
680 3796 800 3851 deorum
817 3799 1003 3872 supplicatio·

218 3903 267 3940 nes
284 3896 313 3940 et
326 3896 508 3942 mortuorum
522 3886 702 3941 evocationes
714 3902 779 3940 cum
791 3883 935 3963 καθαρμοῖς
948 3888 1004 3942 sive

157 4028 162 4038 ,
217 3974 378 4030 lustralibus
398 3974 483 4028 sacris
501 3972 584 4027 fuisse
606 3970 798 4045 conjunctas:
823 3992 853 4027 ν.
875 3972 1000 4029 Lobeck.

218 4071 359 4147 Aglaoph.
375 4090 405 4145 p.
419 4068 489 4143 695.
510 4094 522 4118 υ
540 4071 565 4124 Ε
580 4072 623 4124 M.

595 4182 623 4240 8.

256 4305 352 4360 Schol.
369 4286 565 4377 Aristophanis
581 4306 635 4358 Av.
653 4300 727 4372 786,
744 4302 772 4357 el
787 4299 810 4356 δ’
836 4302 850 4357 ό
871 4300 1002 4360 Πεισίου

217 4392 408 4471 προδοῦναι
435 4411 441 4445 :
464 4389 537 4446 οὐδὲν
552 4386 632 4468 σαφὲς
648 4388 753 4467 ἔχομεν,
776 4388 814 4454 τίς
840 4390 854 4445 δ
873 4390 1000 4460 Πεισίου,

215 4480 273 4538 οὐδὲ
284 4478 344 4557 περὶ
358 4480 403 4549 τῆς
414 4477 565 4557 προδοσίας·
579 4476 619 4535 ὅτι
630 4475 657 4535 δὲ
672 4480 724 4535 τῶν
736 4475 794 4533 λίαν
805 4480 925 4556 πονηρῶν
939 4479 1003 4547 ἐστι,

215 4569 290 4639 δηλοῖ
319 4569 371 4647 Κρ.
402 4568 427 4624 ἐν
451 4568 503 4638 Χ..
525 4564 650 4646 Πυλαίφ,
671 4563 780 4645 Ὥραις.
807 4568 886 4624 Alius
910 4569 1000 4626 schol.

215 4659 323 4716 ibidem
339 4678 345 4712 ε
363 4658 490 4734 Κρατῖνος
504 4654 632 4733 Χείρωσι·

264 4772 325 4839 Καὶ
353 4779 469 4861 πρῶτον
494 4771 546 4861 μὲν
573 4768 653 4862 παρὰ
676 4763 860 4837 ναυτυδυιῶν
890 4773 999 4865 εἰσάγω

639 4877 707 4967 τρία
723 4868 856 4942 κνώδαλ’

201 5001 207 5007 “
266 4979 400 5061 Πεισίαν,
420 4976 546 5071 ὀφίωνα
557 5030 567 5065 ,
585 4984 751 5073 Διϊτρέφεα.

873 4872 1000 4962 ἀναιδῆ,

215 5117 250 5171 V.
282 5132 292 5167 1
323 5112 389 5167 libri
413 5113 522 5189 πρῶτα,
558 5124 719 5168 correctum
750 5131 767 5167 a
792 5112 930 5171 Porsono.
958 5117 1000 5169 De

722 1490 925 1550 COMOEDIAE
947 1492 1109 1552 l'ETlllilS
1130 1493 1336 1566 RELlQUlAE.

1054 1626 1136 1681 litera
1161 1627 1247 1701 longa
1268 1628 1423 1700 corripitur
1442 1639 1506 1683 ante
1524 1650 1562 1694 ω,
1580 1631 1674 1684 sicuti
1690 1642 1755 1686 ante
1775 1654 1793 1700 r,
1817 1634 1848 1687 in

1054 1708 1157 1787 ξυνίημι
1165 1716 1253 1789 Sopb.
1263 1717 1306 1771 El.
1323 1715 1448 1785 126,ete.
1457 1716 1538 1772 Conf.
1548 1719 1692 1793 Aristoph.
1704 1724 1756 1777 Αν.
1770 1722 1845 1795 798.

1095 1935 1236 2008 Hephaest.
1250 1939 1293 1991 De
1307 1937 1372 2008 syll.
1386 1955 1417 2010 p.
1440 1955 1473 2005 17
1488 1957 1494 1990 ε
1516 1934 1580 2014 φησὶ
1592 1934 1619 1993 δὲ
1630 1934 1793 2016 Ἡλιόδωρος
1814 1939 1847 1996 τὸ

1054 2043 1074 2095 μ
1086 2020 1269 2111 ἔπιφερόμενογ
1285 2021 1380 2102 ἀφώνῳ
1393 2015 1470 2093 ἦττον
1482 2025 1533 2079 τῶν
1548 2023 1634 2082 σίλλων
1647 2027 1731 2104 ὑγρῶν
1744 2027 1846 2102 (litte-

1053 2129 1148 2166 rarum
1161 2110 1353 2188 liquidarum)
1372 2109 1459 2175 κοινδς
1476 2119 1559 2169 ποιεῖν
1577 2113 1603 2169 ἐν
1618 2113 1671 2178 τοῖς
1690 2112 1764 2173 ἔπεσι
1777 2116 1847 2173 συλ-

1052 2195 1147 2262 λαόαίς.
1170 2197 1213 2256 διὰ
1227 2203 1303 2255 τοῦτο
1317 2199 1361 2256 καὶ
1378 2201 1427 2277 Κρ.
1444 2201 1470 2257 ἒν
1484 2206 1537 2264 τοῖς
1549 2201 1585 2261 Χ.
1600 2200 1728 2271 πεποίηκε

1102 2329 1221 2420 Σκῆψιν
1236 2333 1289 2423 μὲν
1303 2332 1446 2425 Χείρωνος
1460 2335 1608 2425 ἐληλυμεν
1624 2341 1664 2412 ὡς
1676 2336 1846 2419 ὑποθήκας,

1057 2472 1115 2531 ἀντί
1128 2480 1173 2533 τοῦ
1187 2475 1202 2504 ⁴⁸
1215 2474 1388 2550 ἐληλύθαμεν,
1410 2473 1474 2553 ὅπερ
1495 2475 1668 2553 ἐξηλέγξαμεν
1685 2480 1780 2559 ψεῦδος
1801 2483 1844 2540 ὄν.

1053 2566 1120 2619 Haec
1146 2565 1316 2639 explicatio,
1342 2567 1364 2620 si
1387 2566 1530 2640 legeretur
1553 2564 1733 2642 ἐξελίγξομεν,
1762 2585 1847 2630 certe

1052 2654 1128 2708 hune
1149 2672 1260 2708 sensum
1278 2654 1411 2723 haberet,
1433 2656 1483 2710 sed
1501 2657 1642 2731 ineptum,
1669 2682 1681 2706 ι
1702 2658 1847 2718 Venimus

1052 2751 1173 2814 propter
1193 2741 1239 2809 id,
1259 2742 1338 2814 quod
1349 2741 1530 2797 mendacium
1547 2761 1603 2798 esse
1614 2743 1807 2803 ostendemus.
1829 2775 1843 2800 ι

1052 2830 1150 2884 Valeat
1166 2830 1252 2903 igitur
1272 2830 1471 2903 Hephaestion,
1489 2831 1613 2903 itemque
1632 2832 1763 2905 valeant,
1789 2841 1848 2911 qui

1052 2916 1212 2972 obtrudunt
1241 2917 1358 2972 Hesiodi
1384 2935 1456 2990 opus
1477 2918 1645 2993 inscriptum
1672 2915 1847 2994 Ὑποθῆκαι,

1053 3006 1181 3078 quamvis
1204 3004 1390 3079 significatum
1410 3007 1594 3079 Aristophani
1621 3007 1846 3083 Daetalensibus,

1052 3093 1214 3156 Pherecrati
1233 3095 1261 3147 in
1281 3093 1404 3149 Chirone
1416 3104 1444 3147 et
1457 3092 1591 3163 sortasse,
1602 3095 1724 3168 Rergkio
1747 3097 1845 3154 Com-

1051 3192 1153 3238 mentt.
1171 3199 1238 3256 pag,
1255 3179 1313 3236 225
1332 3182 1502 3256 suspicante,
1521 3181 1600 3256 apud
1618 3182 1787 3239 Athenaeum
1805 3186 1845 3257 8,

1050 3286 1116 3342 pag.
1133 3268 1204 3337 364,
1218 3272 1253 3325 Α.
1268 3270 1359 3322 Immo
1371 3269 1426 3323 hoc
1437 3269 1523 3344 dixit,
1535 3270 1558 3325 si
1568 3267 1640 3341 quid
1653 3268 1758 3339 video,
1774 3273 1847 3330 cbo·

1051 3374 1100 3410 rus
1124 3357 1296 3424 Chironum‚
1320 3375 1431 3412 scenam
1455 3357 1688 3432 ingredientium,
1708 3376 1738 3415 se
1761 3362 1847 3418 velut

1051 3446 1218 3500 consiliandi
1233 3456 1261 3500 et
1276 3444 1448 3500 admonendi
1470 3464 1553 3501 causa
1574 3445 1731 3503 advenisse.
1753 3450 1846 3508 Deest

1050 3534 1179 3592 verbum.
1191 3534 1322 3590 Cetenun
1336 3534 1405 3588 libri
1416 3535 1524 3609 aliquot
1537 3530 1680 3612 Χείρωνας.

1423 3666 1467 3702 10.

1091 3760 1186 3816 Schol.
1212 3760 1354 3832 Aristoph.
1378 3758 1464 3834 vesp.
1491 3756 1756 3833 ιοδι,Ἀδμήτου
1785 3762 1844 3819 λό-

1049 3865 1123 3919 γοντ
1140 3842 1273 3901 καὶτοῦτο
1286 3842 1356 3923 ἀρχὴ
1369 3844 1523 3904 σκολίου....
1533 3843 1666 3924 Ἁρμόδιος
1681 3847 1776 3923 (recte
1788 3852 1843 3908 Sii·

1048 3952 1129 3992 vern.
1145 3929 1291 4010 Ἡρόδικος.
1310 3933 1347 3992 cf.
1361 3935 1448 3992 Mein.
1466 3936 1535 3990 Hist.
1551 3936 1614 3991 crit.
1629 3936 1711 3994 Com.
1726 3956 1759 4011 p.
1786 3939 1842 4016 13)

1049 4020 1073 4077 δ’
1083 4022 1108 4078 ἐν
1121 4027 1173 4086 τοῖς
1185 4019 1410 4099 Κωμῳδουμίνοις
1420 4020 1517 4079 καὶτὸν
1528 4018 1658 4096 Ἄδμητον
1671 4022 1843 4106 ἀναγέγραφε

1050 4109 1105 4187 (ita
1118 4112 1205 4166 Mein.
1220 4129 1274 4184 pro
1285 4111 1445 4186 depravatis
1458 4109 1549 4186 ἀνοίγει
1561 4109 1680 4190 γραφήν)
1690 4156 1699 4183 ,
1711 4116 1844 4202 παραθεὶς

1051 4195 1180 4276 Κρατίνου
1194 4198 1219 4254 ἐν
1233 4200 1270 4255 X.

1099 4330 1308 4422 Κλειταγόρας
1340 4324 1436 4418 ᾅδειν,
1464 4334 1538 4399 όταν
1558 4325 1709 4423 Ᾱρμοδίου
1746 4339 1844 4424 μέλος

1744 4447 1840 4516 atta.

1053 4607 1064 4631 α
1076 4584 1281 4652 Deseolioillo‚
1289 4583 1368 4654 cujus
1378 4584 1425 4638 alii
1435 4584 1572 4656 Alcaeum,
1582 4586 1629 4638 alii
1639 4585 1841 4658 Sapphonem,

1048 4672 1096 4727 alii
1106 4671 1231 4745 denique
1241 4672 1390 4727 Praxillam
1402 4682 1549 4727 auctorem
1560 4672 1694 4742 edebant,
1706 4685 1842 4732 veterum

1047 4760 1219 4833 scriptorum
1234 4760 1298 4814 loca
1308 4760 1470 4833 composuit
1480 4760 1595 4814 Jacobs.
1609 4778 1677 4818 ann.
1694 4760 1734 4815 ad
1743 4762 1841 4818 Brun·

1049 4848 1104 4902 citii
1114 4848 1196 4903 Anal.
1211 4867 1235 4917 r,
1245 4867 1276 4921 p.
1294 4846 1360 4917 157,
1370 4860 1425 4903 etc.
1439 4850 1481 4903 De
1491 4850 1634 4923 Clitagora
1644 4890 1651 4917 ,
1663 4850 1776 4924 poetria
1790 4854 1840 4907 vel

1047 4947 1143 5010 poeta,
1157 4954 1185 4989 v.
1200 4936 1302 5009 Bergk.
1318 4938 1490 4993 Commentt.
1506 4955 1537 5010 p.
1554 4938 1623 4993 228.
1640 4935 1838 5006 Cujuscanti-

1048 5025 1115 5078 lenae
1127 5034 1237 5096 partem
1247 5025 1369 5077 serravit
1382 5025 1525 5097 Aristoph.
1537 5027 1622 5099 Vesp.
1640 5025 1725 5090 1246.
1738 5025 1841 5102 (Kler-

1048 5109 1176 5187 ταγόρας,
1203 5112 1293 5168 intell.
1324 5109 1362 5179 τί,
1382 5130 1496 5167 carmen
1517 5113 1635 5186 aliquod
1664 5114 1840 5187 Clitagoiae,

215 5202 402 5270 Nautodicis,
426 5201 462 5256 ad
477 5218 549 5273 quos
567 5200 746 5256 deferebatur
763 5201 780 5267 ἡ
799 5195 881 5265 ξενίας
895 5198 999 5279 γραφὴ,
1047 5199 1120 5253 sicut
1134 5196 1202 5275 αὐλῇ
1214 5200 1288 5254 ναίει
1299 5198 1365 5274 αὐλῇ
1379 5220 1430 5269 τις,
1445 5201 1535 5274 ellipsi
1552 5194 1649 5274 nota.)
1667 5200 1713 5258 Cr.
1738 5200 1842 5260 dicens

213 5292 350 5367 appositis
364 5291 452 5363 Lysiae
474 5300 502 5344 et
515 5291 769 5363 grammaticorum
790 5288 894 5358 verbis,
913 5308 999 5346 accu-
1048 5289 1203 5359 Clitogorae
1214 5307 1437 5343 carrtreaccrnerc
1453 5290 1562 5342 tibicine
1578 5290 1690 5343 Admeti
1704 5290 1840 5346 ramlulor

212 5390 272 5435 rate
285 5379 357 5435 dixit
369 5378 468 5435 Meier.
482 5377 565 5433 Proc.
580 5381 640 5433 Art.
656 5396 687 5451 p.
702 5375 751 5433 83.
768 5378 802 5433 V.
821 5377 918 5431 alibri
934 5373 999 5435 Ὀσ-
1044 5388 1200 5450 proeeunte,
1220 5378 1317 5432 nescio
1343 5396 1379 5430 an
1402 5396 1451 5431 eos
1472 5378 1628 5443 notaverit,
1652 5378 1702 5448 qui
1724 5386 1839 5437 temere

212 5464 319 5544 φόωνα,
334 5468 449 5522 nomine
460 5467 607 5534 inusitato,
618 5476 647 5520 et
658 5464 793 5543 Διῖτρίφη,
807 5484 865 5538 quo
876 5477 998 5521 metrum
1047 5465 1142 5520 omnia
1162 5464 1324 5521 miscerent.
1342 5463 1446 5538 Bergk.
1468 5464 1640 5519 Commentt.
1666 5464 1686 5516 l.
1703 5481 1745 5538 e.,
1763 5484 1841 5540 pro·

212 5558 410 5630 arrapaesticum
434 5556 640 5627 corrumpitur.
663 5555 760 5610 Secuti
776 5566 879 5608 ‘sumus
904 5556 996 5609 Fritz-
1045 5555 1107 5627 prie
1129 5552 1238 5608 dictum
1251 5563 1335 5627 putat
1355 5553 1392 5607 ad
1405 5550 1620 5626 significandam
1635 5552 1702 5606 artis
1717 5556 1840 5612 musica

211 5648 319 5702 sellium
329 5649 445 5704 Dissert.
463 5646 499 5702 de
511 5646 610 5703 Daetal.
622 5664 654 5719 p.
675 5645 741 5702 116.
758 5647 792 5700 ln
805 5646 921 5700 nomine
930 5642 995 5723 Ὀφ.
1020 5673 1024 5701 i
1046 5642 1290 5716 depravationem.
1311 5666 1322 5688 υ
1342 5642 1365 5694 E
1378 5642 1421 5695 M.

588 5872 614 5919 7.
1046 5863 1146 5919 Pisiam
1157 5902 1164 5926 ‚
1177 5860 1345 5931 ophionem,
1361 5858 1530 5929 Diitreplien.

211 5956 268 6021 Age
280 5948 370 6019 igitur,
384 5950 502 6022 primum
521 5950 645 6006 omnium
659 5948 835 6006 adorientem
851 5965 997 6005 conversus
1423 5951 1449 5999 9.

595 6040 693 6103 [stato‚
704 6036 860 6107 sumitoque
873 6035 997 6091 manibus
1046 6038 1131 6109 Quasi
1141 6034 1303 6091 consiliandi
1319 6048 1399 6088 causa
1410 6038 1494 6098 (nos)
1507 6033 1638 6088 Chirones
1657 6031 1840 6096 advenimus.

1272 6123 1275 6131 ‘
1419 6128 1460 6176 10.

588 6219 614 6267 8.
673 6212 794 6279 [belluas
807 6209 995 6283 impudentes,
1045 6213 1188 6283 Ctiragorae
1210 6221 1318 6264 carnren
1339 6225 1445 6276 canere,
1466 6208 1576 6279 quando
1594 6206 1705 6262 Admeti
1717 6210 1840 6270 modum

210 6303 243 6354 Et
268 6298 383 6369 primum
405 6297 514 6370 quidem
538 6299 570 6354 ad
598 6299 759 6357 Nautodicas
779 6298 914 6356 adducam
940 6305 995 6355 tres
1018 6337 1022 6357 .
1609 6286 1703 6368 [praeit
1717 6294 1838 6359 tibicen.

209 6125 314 6182 scillam
326 6140 464 6197 magnam.
