4084 8009
682 1550 684 1554 ’
786 1548 983 1613 cuattutts
1003 1550 1158 1610 thatun.

165 1686 200 1747 ὡς
219 1681 262 1738 καί
277 1684 358 1737 ταῦτα
375 1680 430 1749 είδη
443 1678 615 1756 χιτωνίσκων.
638 1676 754 1758 Ἔχητε,
774 1684 810 1738 ad
829 1685 951 1740 vendeu-

166 1774 248 1845 dum,
260 1782 338 1846 puto.

351 1910 400 1971 IV.
427 1912 758 1974 utearortzotm.

206 2047 288 2118 Diog.
303 2047 398 2102 Lacrt.
420 2044 449 2118 8,
469 2044 518 2115 37,
535 2056 564 2101 et
580 2045 646 2100 binc
664 2045 764 2101 Suidas
783 2065 810 2104 v.
831 2044 948 2123 Ξενοφά-

166 2156 211 2203 νης
226 2154 231 2187 ;
246 2130 349 2210 ἔσκωψε
362 2132 389 2189 δὲ
402 2131 478 2190 αὐτὸν
493 2134 715 2211 (Pythagoram)
730 2136 781 2211 llp.
796 2131 843 2210 μὶν
856 2136 883 2191 ἓν
896 2137 950 2195 Πυ-

166 2216 345 2297 θαγοριζούσῃ·
359 2219 425 2277 ἀλλὰ
436 2220 481 2277 καὶ
492 2222 518 2277 ἐν
529 2221 710 2301 Ταραντίνοις,
726 2234 781 2282 etc.
799 2250 811 2273 ν
827 2225 947 2283 Aldobr.

166 2309 398 2381 Pythagorizusa.
417 2311 507 2365 Etiam
526 2311 619 2367 Alexis
632 2312 743 2387 scripsit
758 2311 949 2389 Πυθαγορίζου·

167 2419 226 2454 σαν.
251 2399 385 2472 Diogenis
408 2397 474 2452 libri
499 2397 556 2453 t'erc
580 2398 786 2477 Πυθαγορικοῖς,
809 2401 947 2461 Arundel.

167 2487 370 2562 Πυθαγορικαῖς.
386 2487 513 2542 Fortasse
531 2486 715 2543 scribendum
736 2501 777 2545 est
798 2487 949 2566 Πυθαγορί-

164 2571 253 2643 ζουσι,
266 2587 297 2630 ut
307 2576 404 2630 titulus
414 2574 514 2630 fabulae
531 2575 615 2630 fuerit
631 2577 949 2655 Πυθαγορίζοντες,

167 2662 247 2735 quod
258 2681 292 2719 ex
307 2663 439 2720 codiceV
450 2661 543 2719 edidit
556 2662 766 2738 Bernhardyns.
784 2692 795 2717 ι
809 2669 834 2721 E
845 2669 888 2720 Μ.

411 2799 445 2857 V.
467 2800 709 2860 'l'APANTlNOL

207 2927 293 3002 Diog.
308 2928 399 2987 Laert.
417 2927 524 2985 ibidem
548 2925 639 2985 τάλλδ
663 2928 707 2985 καί
729 2930 755 2987 ἐν
777 2929 947 3005 Ταραντίνοις

166 3010 244 3092 φησὶν
256 3011 349 3078 οὕτως·

216 3118 287 3205 hine
306 3128 386 3195 ἐστὶν
405 3136 525 3215 αὐτοῖς,
544 3127 580 3195 οἷν
592 3129 646 3196 τιν’
667 3127 790 3206 ἰδιώτην
806 3136 892 3200 ποθὲν

214 3230 349 3302 λάθωσιν
367 3234 556 3321 εἰσελθόντα,
573 3232 805 3330 διαπειρώμενον

216 3352 272 3418 τῆς
293 3351 353 3408 τῶν
379 3344 479 3435 λόγων
500 3347 599 3435 ῥώμης
623 3342 695 3438 (γε)
714 3345 875 3436 ταράττειν
899 3346 951 3411 καὶ

858 3478 951 3518 κυκαν

216 3560 280 3628 τοῖς
297 3553 479 3638 ἀντιθέτοις,
496 3561 563 3631 τοῖς
583 3560 710 3643 πέρασι,
730 3564 793 3633 τοῖς
814 3562 950 3648 παρισώ-

856 3690 947 3753 μασι,

168 3758 188 3830 5
215 3768 274 3838 τοῖς
296 3762 498 3849 ἀποπλάνοις,
522 3756 584 3842 τοῖς
602 3767 772 3857 μεγέθεσιν,
795 3765 949 3834 νουόυστι-

876 3883 947 3956 κῶς.

166 3981 258 4035 Etiam
273 3998 320 4057 ap.
335 3981 452 4039 suidam
467 3985 487 4044 l.
505 4004 545 4054 e.‚
561 3987 610 4059 qui
624 4004 652 4043 v.
673 4005 683 4040 ι
699 3981 744 4041 etv
759 3984 793 4044 ἰδ.
810 3985 847 4044 V.
863 3986 950 4042 αδια-

165 4066 335 4146 πειρωμένοις
349 4073 408 4131 Jos.
417 4072 550 4148 Scaliger.
564 4077 653 4130 Versu
663 4073 680 4130 δ
692 4074 828 4130 excidisse
838 4076 951 4131 videtur

166 4152 194 4228 γὲ
208 4174 267 4212 non
280 4160 339 4214 sine
350 4159 516 4217 detrimento
530 4181 724 4221 munerorum.

428 4290 482 4348 Vl.
505 4290 683 4349 ΤΙΤΑΝΕΣ.

205 4395 310 4456 Athen.
331 4398 360 4473 6,
374 4417 404 4474 p.
422 4407 489 4470 atr,
504 4400 543 4471 C,
558 4401 594 4457 de
613 4401 729 4473 Corydo
753 4402 875 4476 parasito
895 4402 948 4458 Co·

164 4483 305 4541 micorum
319 4488 477 4546 testimonia
490 4487 609 4562 atterens
624 4505 631 4545 :
657 4488 707 4565 Κρ.
723 4487 745 4543 δ’
759 4489 773 4544 θ
787 4485 909 4565 νεώτερος
923 4491 949 4546 ἐν

165 4571 272 4641 Τιτᾶσι,

264 4728 309 4738 -
324 4684 472 4780 Κόρυδον,
492 4692 542 4755 τὸν
559 4691 768 4779 χαλκότυπον,
782 4686 947 4781 πεφύλαξο,

216 4793 251 4866 ἢν
270 4797 323 4885 μέν
340 4820 384 4859 σοι
399 4802 507 4885 νομιεῖς
524 4795 614 4860 αὐτὸν
630 4790 723 4885 μηδὲν
735 4793 945 4882 καταλείψειν·

215 4890 287 4987 μηδ’
305 4896 376 4985 όψον
393 4910 475 4992 κοινῇ
493 4897 571 4990 μετὰ
586 4902 691 4964 τούτου
709 4904 834 4965 πώποτε
850 4894 948 4966 δαίσει

214 4996 421 5095 τοῢίίορόδοο
442 5003 596 5095 (προλέγοι
615 5001 694 5093 σοι)·
709 5007 772 5093 ἔχει
788 5004 845 5098 γὰρ
861 5014 948 5096 χεῖρα

789 5111 945 5203 κραταιὰν,

167 5212 185 5281 h
213 5221 347 5303 χαλκῆν,
365 5213 538 5306 ἀκάματον,
556 5216 632 5280 πολὺ
653 5215 806 5305 κρείσσονα
822 5228 874 5281 τοῦ
891 5242 946 5281 πυ-

767 5323 812 5411 ρὸς
838 5327 942 5387 αὐτοῦ.

449 5499 658 5554 TARENTlNi.

199 5587 260 5641 Mos
270 5600 365 5642 eorum
378 5593 434 5654 est,
449 5585 471 5642 si
485 5601 566 5657 quern
579 5587 753 5659 imperitum,

1720 1569 1775 1617 515

1000 1710 1011 1735 ι
1030 1684 1132 1740 Similis
1151 1685 1350 1739 vaticiniorum
1371 1685 1451 1739 color
1467 1688 1542 1761 apud
1565 1690 1778 1763 Aristophanem

997 1778 1049 1849 Ειμ
1064 1782 1138 1849 ιο49
1149 1771 1288 1849 (996),et
1298 1776 1447 1829 Horatium
1457 1776 1513 1831 Sat.
1532 1796 1558 1850 ι,
1570 1798 1599 1850 9,
1615 1778 1661 1833 3ι.
1674 1805 1686 1828 υ
1700 1782 1775 1838 EM.
1801 1822 1803 1825 -

995 1865 1051 1936 Qui
1065 1883 1099 1919 ex
1114 1882 1172 1918 ιιιιο
1184 1861 1284 1919 codice
1299 1865 1321 1920 C
1338 1863 1427 1919 edidit
1439 1863 1616 1940 χαλκοτύπον,
1632 1869 1675 1922 his
1691 1887 1779 1923 anno·

995 1954 1058 2008 tatis
1071 1972 1076 2005 :
1095 1976 1107 2002 ι
1122 1952 1232 2007 fabrum
1242 1952 1392 2007 serrarium
1402 1970 1453 2007 cur
1465 1951 1541 2008 dicat
1552 1955 1709 2028 Corydum,
1721 1975 1779 2011 non

994 2042 1147 2115 perspicio.
1169 2041 1242 2095 llum
1264 2036 1430 2117 χαλκότυπον
1452 2040 1506 2114 (sic
1524 2043 1610 2116 PVL)
1635 2046 1779 2119 explican-

995 2126 1063 2183 dum
1088 2128 1190 2204 χαλκοῦ
1217 2125 1422 2204 κεκροτημίνον,
1445 2147 1478 2183 cx
1504 2149 1559 2185 aere
1587 2131 1694 2187 factum
1720 2134 1779 2187 sive

995 2234 1121 2290 aeneum,
1136 2227 1253 2290 propter
1272 2218 1390 2272 invictas
1406 2218 1523 2272 manus?
1541 2245 1551 2267 ο
1570 2220 1645 2274 Nihil
1662 2231 1779 2276 contor-

995 2308 1050 2360 tius
1062 2305 1227 2379 dnriusque.
1239 2307 1327 2361 Recte
1337 2316 1429 2361 tamen
1442 2306 1478 2362 ad
1488 2309 1633 2383 vulgatum
1646 2306 1779 2385 χαλκότυ-

995 2414 1043 2449 πον
1056 2393 1141 2448 rediit
1155 2395 1198 2448 vir
1211 2393 1329 2467 doctus3
1342 2394 1391 2448 sed
1404 2394 1460 2449 hoc
1480 2397 1564 2469 longe
1580 2398 1657 2452 aliud
1671 2396 1778 2472 signiti-

995 2500 1061 2536 care
1085 2481 1228 2550 arbitror,
1254 2482 1312 2536 scii.
1343 2483 1527 2556 stigmatiari,
1561 2484 1672 2539 ardenti
1703 2485 1778 2543 ferro

994 2579 1104 2635 ustum,
1120 2581 1152 2623 ut
1165 2570 1309 2625 luvenalis
1321 2579 1385 2623 utar
1400 2570 1494 2624 verbis
1511 2572 1569 2624 Sat.
1590 2578 1633 2639 ιθ,
1657 2591 1703 2626 αα.
1718 2574 1778 2627 Ma·

995 2655 1093 2712 ieficus
1104 2659 1190 2731 igitur
1202 2658 1255 2713 fnit
1266 2659 1316 2712 iste
1332 2657 1476 2730 Corydns,
1496 2659 1633 2733 furtisque
1647 2659 1779 2733 frequen·

997 2743 1073 2798 tibus
1093 2744 1222 2817 infamis,
1243 2763 1258 2799 a
1278 2744 1382 2817 quibus
1395 2746 1594 2819 perpetrandis
1611 2766 1647 2802 ne
1664 2749 1692 2801 νί
1713 2750 1780 2821 qni-

995 2832 1062 2887 dem
1084 2833 1257 2900 abstinebat,
1278 2849 1336 2905 quo
1357 2831 1562 2910 pertinetispeip
1583 2832 1707 2911 κραταιδ,
1723 2847 1778 2895 ete.

995 2922 1111 2988 Facete,
1127 2923 1175 2995 qui
1199 2923 1257 2976 haec
1280 2922 1367 2991 dicit,
1385 2925 1618 2979 interlocutorem
1639 2926 1780 2980 abstinere

993 3008 1074 3081 jubet
1088 3011 1260 3065 commercio
1276 3011 1338 3065 talis
1356 3011 1522 3083 nebulonis,
1545 3013 1567 3065 si
1586 3013 1702 3085 quidem
1721 3014 1779 3086 ipse

997 3099 1111 3171 credat,
1125 3117 1205 3167 eum,
1218 3100 1345 3170 quamvis
1353 3100 1392 3153 sic
1405 3099 1538 3167 ditatum,
1552 3100 1623 3153 nihil
1639 3101 1693 3154 sibi
1710 3100 1778 3155 olim

997 3186 1153 3241 hereditate
1175 3185 1341 3240 relicturum
1363 3205 1421 3240 esse
1438 3183 1485 3259 (ἢν
1503 3186 1571 3259 μέν,
1594 3207 1651 3242 non
1667 3186 1721 3260 μή,
1738 3209 1779 3244 σοι

996 3270 1162 3351 καταλείψειν
1171 3271 1192 3348 ).
1205 3276 1320 3328 Versus
1334 3273 1399 3328 libri
1411 3269 1442 3340 ἥν
1454 3273 1491 3341 μή
1506 3295 1557 3342 σοι,
1569 3286 1633 3343 ete,
1644 3294 1779 3349 perverso

996 3380 1096 3435 sensu,
1111 3361 1351 3436 quemadmodum
1368 3364 1452 3418 etiam
1466 3365 1551 3421 Arist.
1568 3365 1686 3435 Lysistr.
1709 3364 1778 3434 876,

997 3450 1115 3524 aliisque
1126 3452 1296 3523 scriptorum
1309 3450 1379 3505 locis
1394 3446 1441 3523 μὲν
1454 3461 1480 3505 ει
1492 3448 1529 3523 μὴ
1545 3462 1719 3506 commutata
1734 3454 1780 3506 iu-

996 3541 1099 3595 venias.
1115 3538 1240 3595 Lobeclt.
1258 3538 1293 3592 ad
1315 3538 1420 3610 Phryn.
1442 3558 1470 3611 p.
1488 3538 1556 3606 458,
1577 3539 1605 3594 οὗ
1625 3537 1662 3612 μή
1678 3559 1718 3594 σοι
1734 3560 1779 3595 νο-

997 3628 1074 3700 μιεῖς.
1091 3629 1123 3681 V.
1140 3626 1155 3681 3
1170 3622 1259 3681 τούτου
1273 3624 1316 3680 vel
1335 3627 1541 3679 contemnentis
1559 3636 1614 3693 est,
1631 3638 1660 3680 ut
1678 3629 1778 3699 passim

996 3702 1068 3776 ebroe
1088 3712 1165 3787 apud
1191 3713 1426 3786 Aristophanem,
1444 3713 1631 3787 Sophoclem,
1652 3725 1717 3783 ete„
1736 3718 1779 3770 vel

998 3802 1143 3870 additum,
1159 3813 1190 3856 ut
1202 3802 1288 3856 homo
1299 3802 1486 3875 distinguatur
1498 3801 1534 3855 ab
1543 3819 1593 3856 ave
1604 3805 1780 3876 cognomini.

998 3888 1159 3944 Lobecltius
1171 3886 1236 3960 perd
1249 3888 1316 3944 τοῦδ’
1327 3885 1462 3943 οὐπώποτε
1473 3888 1498 3945 δ.
1512 3893 1544 3943 V.
1561 3888 1576 3944 5
1593 3891 1678 3963 vulgo
1691 3888 1780 3965 κρείσ-

996 3996 1050 4043 σω,
1066 3977 1115 4032 seil
1135 3995 1205 4032 voce
1222 3974 1358 4053 κρείσσονα
1370 3979 1462 4050 posita
1477 3977 1669 4032 hexametrum
1692 3998 1780 4032 venn·
1831 3999 1838 4012 ·
1865 3966 1876 3985 ⁹

996 4066 1162 4131 stissimmu,
1185 4065 1362 4132 bucolicum,
1375 4076 1465 4135 poetae
1484 4067 1600 4121 restitui.

1265 4207 1330 4264 Vll.
1355 4206 1505 4264 xttt‘tttt.

1036 4368 1139 4424 Athen.
1160 4385 1206 4436 ιι,
1222 4386 1252 4441 μ.
1273 4366 1348 4432 460,
1369 4368 1408 4433 F,
1423 4368 1457 4422 de
1478 4365 1598 4442 κυλικείῳ
1612 4368 1748 4422 disserens
1768 4388 1773 4421 :

998 4456 1048 4532 ίίρ.
1065 4454 1086 4510 δ’
1101 4457 1114 4509 δ
1128 4451 1250 4531 νεώτερος
1262 4453 1288 4509 ir
1303 4452 1426 4530 Χείρωνι,

1094 4638 1141 4647 -
1157 4605 1323 4684 Πολλοστῷ
1338 4595 1365 4664 δ’
1377 4602 1439 4665 ἔτει

1045 4709 1077 4769 ἐκ
1093 4713 1153 4769 τῶν
1175 4704 1326 4795 πολεμίων
1342 4699 1442 4771 οἴκαδ’
1459 4710 1540 4778 ἥκοι·
1559 4700 1727 4796 ξυγγενεῖς,

1001 4850 1004 4856 ·
1044 4810 1096 4874 καὶ
1112 4808 1278 4900 φράτορας,
1295 4810 1347 4876 καὶ
1364 4805 1517 4901 δημότας,
1537 4813 1625 4901 εὑρὼν
1642 4811 1727 4901 μόλις

1044 4914 1083 4991 εἰς
1099 4917 1133 4980 τὸ
1148 4922 1297 4981 κυλικεῖον
1314 4917 1493 5010 ἐνεγράφην·
1513 4918 1582 4993 Ζεὺς
1597 4920 1664 4984 ἔστι
1680 4944 1729 5008 μοι

996 5016 1015 5086 5
1042 5024 1168 5108 ἕρκειος,
1184 5023 1250 5087 ἔστι
1268 5022 1424 5113 φράτριος·
1443 5021 1484 5087 τὰ
1500 5025 1573 5093 τελη
1589 5029 1680 5088 τελῶ.

995 5168 1083 5218 Versu
1095 5181 1112 5218 ο
1124 5175 1225 5237 praeter
1234 5167 1427 5221 necessitatem
1441 5168 1526 5221 blein.
1542 5163 1634 5237 ἥκων,
1648 5165 1781 5219 Jacnhsio

993 5253 1119 5327 Speeim.
1133 5252 1274 5307 animadv.
1289 5254 1325 5307 ad
1337 5262 1409 5307 auct.
1420 5264 1487 5309 vett.
1498 5273 1528 5326 p.
1546 5271 1595 5305 ιιι
1613 5263 1641 5306 et
1654 5253 1782 5305 Porsono

996 5339 1069 5395 Λᾶν.
1085 5357 1116 5411 p.
1137 5337 1190 5392 123
1210 5339 1385 5394 auctoribus.
1411 5341 1443 5397 V,
1469 5338 1628 5416 3φροίτερας
1651 5338 1715 5393 οοιί.
1737 5337 1782 5391 Ad

907 5450 997 5458 *-
1003 5453 1114 5459 ..—-—

971 5534 975 5542 ·
1037 5518 1124 5572 neque
1138 5517 1259 5573 uuquam
1272 5504 1417 5572 opsonium
1436 5519 1497 5559 cum
1518 5504 1568 5557 hoc
1584 5501 1690 5573 Corydo
1706 5516 1780 5554 cotn-

1656 5588 1780 5657 [munina

198 5672 392 5747 undecumque
410 5675 561 5747 ingressum
579 5678 610 5729 ιά
630 5674 741 5745 urbem,
756 5674 974 5743 offenderant,·
1031 5674 1261 5747 (pradicotibi):
1279 5692 1341 5731 narn
1355 5674 1681 5739 habetrnanuuiiortem,
1751 5705 1756 5716 ·

199 5760 372 5833 exploranda
391 5762 448 5833 ejus
469 5761 644 5833 eloquentia,
666 5761 805 5817 hominem
827 5778 949 5819 commo·

703 5852 782 5915 [rere
794 5866 825 5905 ac
839 5849 950 5905 turbare
970 5829 973 5860 Ι

198 5929 356 5999 antithetis,
373 5932 558 5998 finitionibus,
574 5932 705 5990 membris
719 5935 855 5991 similibus
872 5941 947 6002 (ora-

792 6025 800 6089 [
811 6023 946 6088 tionum),

164 6110 181 6159 ὁ
199 6104 420 6177 evagationibus,
441 6107 692 6177 magnitudinibus,
708 6109 812 6166 callide.

469 6196 633 6250 Titanes.

200 6276 354 6350 Corydum,
367 6276 439 6334 ierro
452 6294 622 6350 percussum,
636 6298 716 6350 eave,

199 6367 222 6421 si
230 6364 340 6438 quidem
352 6367 534 6438 putabis,tibi
549 6383 612 6425 emn
630 6369 695 6426 nihil
711 6371 865 6429 relicturum
876 6388 948 6441 esse3

970 5715 974 5825 ί
996 5768 1011 5816 5
1029 5778 1148 5825 amcam,
1171 5760 1382 5831 infatigabilem,
1400 5763 1488 5832 ipsum
1514 5764 1602 5832 iguem
1622 5763 1702 5829 longe
1722 5761 1779 5813 vin-

1645 5851 1651 5913 1
1663 5854 1779 5901 rentem.

1315 5936 1461 5993 cutuon.

1029 6054 1065 6064 -
1079 6023 1229 6094 Multisque
1238 6024 1338 6080 exactis
1352 6023 1433 6077 aunis

1030 6111 1065 6166 ab
1077 6112 1198 6166 hostibus
1211 6126 1335 6166 reversus
1348 6109 1423 6166 domi
1436 6109 1549 6174 adsmn3
1561 6118 1586 6165 et
1599 6108 1758 6181 propinquis

1030 6200 1071 6252 rix
1087 6198 1202 6255 inventis
1213 6196 1417 6268 curialibusque
1433 6204 1461 6252 et
1474 6195 1664 6267 popularibus,

1031 6286 1059 6341 in
1076 6286 1191 6343 abacum
1207 6284 1353 6357 inscriptus
1367 6301 1427 6341 suin
1443 6304 1448 6339 :
1463 6289 1587 6357 (itaque)
1601 6285 1727 6358 Juppiter
1738 6291 1780 6338 est

994 6380 1009 6428 5
1030 6373 1212 6441 domesticus,
1227 6379 1267 6427 est
1281 6371 1407 6438 curiatis3
1418 6370 1518 6428 tributa
1533 6371 1618 6428 soiro.
1692 6370 1777 6438 [mihi

1648 6472 1674 6508 :m
