<?xml version="1.0" encoding="UTF-8"?>
<!DOCTYPE html PUBLIC "-//W3C//DTD XHTML 1.0 Transitional//EN"
    "http://www.w3.org/TR/xhtml1/DTD/xhtml1-transitional.dtd">
<html xmlns="http://www.w3.org/1999/xhtml" xml:lang="en" lang="en">
 <head>
  <title>
</title>
<meta http-equiv="Content-Type" content="text/html;charset=utf-8" />
  <meta name='ocr-system' content='tesseract 3.04.00' />
  <meta name='ocr-capabilities' content='ocr_page ocr_carea ocr_par ocr_line ocrx_word'/>
</head>
<body>
  <div class='ocr_page' id='page_1' title='image "./poetarumcomicor00bothgoog/poetarumcomicor00bothgoog_0130.png"; bbox 0 0 4084 8009; ppageno 0'>
   <div class='ocr_carea' id='block_1_1' title="bbox 214 1532 268 1590">
    <p class='ocr_par' dir='ltr' id='par_1_1' title="bbox 214 1532 268 1590">
     <span class='ocr_line' id='line_1_1' title="bbox 214 1532 268 1590; baseline -0.185 0"><span class='ocrx_word' id='word_1_1' title='bbox 214 1532 268 1590; x_wconf 82' lang='lat' dir='ltr'>tto</span> 
     </span>
    </p>
   </div>
   <div class='ocr_carea' id='block_1_2' title="bbox 587 1672 612 1707">
    <p class='ocr_par' dir='ltr' id='par_1_2' title="bbox 587 1672 612 1707">
     <span class='ocr_line' id='line_1_2' title="bbox 587 1672 612 1707; baseline -0.04 0"><span class='ocrx_word' id='word_1_2' title='bbox 587 1672 612 1707; x_wconf 90' lang='lat'>1.</span> 
     </span>
    </p>
   </div>
   <div class='ocr_carea' id='block_1_3' title="bbox 208 1760 998 2722">
    <p class='ocr_par' dir='ltr' id='par_1_3' title="bbox 208 1760 998 2722">
     <span class='ocr_line' id='line_1_3' title="bbox 249 1760 994 1838; baseline -0.004 -18"><span class='ocrx_word' id='word_1_3' title='bbox 249 1765 416 1822; x_wconf 77' lang='lat' dir='ltr'><strong>Plutarchus</strong></span> <span class='ocrx_word' id='word_1_4' title='bbox 430 1767 472 1821; x_wconf 89' lang='lat' dir='ltr'>De</span> <span class='ocrx_word' id='word_1_5' title='bbox 484 1783 557 1819; x_wconf 69' lang='lat' dir='ltr'><strong>muts.</strong></span> <span class='ocrx_word' id='word_1_6' title='bbox 575 1783 606 1838; x_wconf 91' lang='lat' dir='ltr'>p.</span> <span class='ocrx_word' id='word_1_7' title='bbox 632 1770 706 1829; x_wconf 67' lang='lat'>¹¹40</span> <span class='ocrx_word' id='word_1_8' title='bbox 723 1766 840 1835; x_wconf 86' lang='lat' dir='ltr'><strong>Dseqq.</strong></span> <span class='ocrx_word' id='word_1_9' title='bbox 861 1783 867 1818; x_wconf 94' lang='lat'>:</span> <span class='ocrx_word' id='word_1_10' title='bbox 890 1760 920 1818; x_wconf 84' lang='grc' dir='ltr'>τὸ</span> <span class='ocrx_word' id='word_1_11' title='bbox 939 1783 994 1817; x_wconf 82' lang='grc' dir='ltr'>πα·</span> 
     </span>
     <span class='ocr_line' id='line_1_4' title="bbox 208 1847 995 1929; baseline -0.005 -19"><span class='ocrx_word' id='word_1_12' title='bbox 208 1851 281 1910; x_wconf 85' lang='grc' dir='ltr'>λαιδν</span> <span class='ocrx_word' id='word_1_13' title='bbox 303 1849 544 1928; x_wconf 61' lang='lat' dir='ltr'><strong>supermittunt&lt;</strong></span> <span class='ocrx_word' id='word_1_14' title='bbox 570 1849 684 1921; x_wconf 84' lang='grc' dir='ltr'>αύλητδις</span> <span class='ocrx_word' id='word_1_15' title='bbox 703 1847 778 1929; x_wconf 88' lang='grc' dir='ltr'>παρδι</span> <span class='ocrx_word' id='word_1_16' title='bbox 799 1853 851 1906; x_wconf 83' lang='grc' dir='ltr'>τῶν</span> <span class='ocrx_word' id='word_1_17' title='bbox 879 1852 995 1921; x_wconf 79' lang='grc' dir='ltr'>ποιητῶν</span> 
     </span>
     <span class='ocr_line' id='line_1_5' title="bbox 209 1933 996 2017; baseline -0.004 -20"><span class='ocrx_word' id='word_1_18' title='bbox 209 1938 353 2017; x_wconf 76' lang='grc' dir='ltr'>λαμύάνειν</span> <span class='ocrx_word' id='word_1_19' title='bbox 374 1939 434 2003; x_wconf 82' lang='grc' dir='ltr'>τοὺς</span> <span class='ocrx_word' id='word_1_20' title='bbox 462 1935 582 2013; x_wconf 73' lang='grc' dir='ltr'>μισθους,</span> <span class='ocrx_word' id='word_1_21' title='bbox 610 1934 861 2017; x_wconf 81' lang='grc' dir='ltr'>πρωταγωνιζούσης</span> <span class='ocrx_word' id='word_1_22' title='bbox 878 1933 996 2008; x_wconf 85' lang='grc' dir='ltr'>δηλονότι</span> 
     </span>
     <span class='ocr_line' id='line_1_6' title="bbox 208 2022 997 2103; baseline -0.004 -19"><span class='ocrx_word' id='word_1_23' title='bbox 208 2031 255 2098; x_wconf 83' lang='grc' dir='ltr'>τῆς</span> <span class='ocrx_word' id='word_1_24' title='bbox 269 2024 413 2097; x_wconf 77' lang='grc' dir='ltr'>ποιήσεως,</span> <span class='ocrx_word' id='word_1_25' title='bbox 432 2025 483 2082; x_wconf 83' lang='grc' dir='ltr'>τῶν</span> <span class='ocrx_word' id='word_1_26' title='bbox 498 2024 523 2083; x_wconf 84' lang='grc' dir='ltr'>δέ</span> <span class='ocrx_word' id='word_1_27' title='bbox 545 2025 665 2095; x_wconf 80' lang='grc' dir='ltr'>αὐλητῶν</span> <span class='ocrx_word' id='word_1_28' title='bbox 681 2022 877 2103; x_wconf 79' lang='grc' dir='ltr'>ὑπηρετούντων</span> <span class='ocrx_word' id='word_1_29' title='bbox 892 2026 945 2090; x_wconf 86' lang='grc' dir='ltr'>τοῖς</span> <span class='ocrx_word' id='word_1_30' title='bbox 960 2025 997 2081; x_wconf 88' lang='grc' dir='ltr'>δι-</span> 
     </span>
     <span class='ocr_line' id='line_1_7' title="bbox 209 2109 995 2191; baseline -0.004 -19"><span class='ocrx_word' id='word_1_31' title='bbox 209 2115 361 2180; x_wconf 84' lang='grc' dir='ltr'>δασκάλοις·</span> <span class='ocrx_word' id='word_1_32' title='bbox 374 2111 482 2191; x_wconf 79' lang='grc' dir='ltr'>ὕστερον</span> <span class='ocrx_word' id='word_1_33' title='bbox 496 2109 523 2169; x_wconf 81' lang='grc' dir='ltr'>δὲ</span> <span class='ocrx_word' id='word_1_34' title='bbox 534 2109 579 2169; x_wconf 82' lang='grc' dir='ltr'>καλ</span> <span class='ocrx_word' id='word_1_35' title='bbox 594 2117 669 2170; x_wconf 83' lang='grc' dir='ltr'>τοῦτο</span> <span class='ocrx_word' id='word_1_36' title='bbox 679 2110 820 2190; x_wconf 74' lang='grc' dir='ltr'>διεφθάρη,</span> <span class='ocrx_word' id='word_1_37' title='bbox 837 2114 872 2176; x_wconf 85' lang='grc' dir='ltr'>ὡς</span> <span class='ocrx_word' id='word_1_38' title='bbox 883 2110 928 2168; x_wconf 83' lang='grc' dir='ltr'>καὶ</span> <span class='ocrx_word' id='word_1_39' title='bbox 939 2114 995 2172; x_wconf 84' lang='grc' dir='ltr'>Φε-</span> 
     </span>
     <span class='ocr_line' id='line_1_8' title="bbox 210 2194 994 2282; baseline -0.008 -21"><span class='ocrx_word' id='word_1_40' title='bbox 210 2201 339 2282; x_wconf 86' lang='grc' dir='ltr'>ρεκράτην</span> <span class='ocrx_word' id='word_1_41' title='bbox 361 2198 406 2258; x_wconf 83' lang='grc' dir='ltr'>τὸν</span> <span class='ocrx_word' id='word_1_42' title='bbox 430 2199 547 2275; x_wconf 81' lang='grc' dir='ltr'>κωμικὸν</span> <span class='ocrx_word' id='word_1_43' title='bbox 570 2197 720 2276; x_wconf 77' lang='grc' dir='ltr'>εἰσαγαγεῖν</span> <span class='ocrx_word' id='word_1_44' title='bbox 740 2196 788 2270; x_wconf 78' lang='grc' dir='ltr'>τὴν</span> <span class='ocrx_word' id='word_1_45' title='bbox 808 2194 945 2268; x_wconf 68' lang='grc' dir='ltr'>Μουσικὴν</span> <span class='ocrx_word' id='word_1_46' title='bbox 968 2198 994 2256; x_wconf 93' lang='grc' dir='ltr'>έν</span> 
     </span>
     <span class='ocr_line' id='line_1_9' title="bbox 209 2281 994 2369; baseline -0.006 -20"><span class='ocrx_word' id='word_1_47' title='bbox 209 2290 348 2369; x_wconf 82' lang='grc' dir='ltr'>γυναικείῳ</span> <span class='ocrx_word' id='word_1_48' title='bbox 374 2287 511 2368; x_wconf 79' lang='grc' dir='ltr'>σχήματι,</span> <span class='ocrx_word' id='word_1_49' title='bbox 534 2287 599 2360; x_wconf 78' lang='grc' dir='ltr'>ὅλην</span> <span class='ocrx_word' id='word_1_50' title='bbox 619 2281 818 2366; x_wconf 69' lang='grc' dir='ltr'>ικατῃκισμένην</span> <span class='ocrx_word' id='word_1_51' title='bbox 842 2287 872 2345; x_wconf 75' lang='lat' dir='ltr'>rb</span> <span class='ocrx_word' id='word_1_52' title='bbox 901 2289 994 2363; x_wconf 83' lang='grc' dir='ltr'>σῶμα·</span> 
     </span>
     <span class='ocr_line' id='line_1_10' title="bbox 210 2376 995 2453; baseline -0.001 -17"><span class='ocrx_word' id='word_1_53' title='bbox 210 2388 280 2439; x_wconf 83' lang='grc' dir='ltr'>ποιεῖ</span> <span class='ocrx_word' id='word_1_54' title='bbox 294 2376 387 2449; x_wconf 76' lang='grc' dir='ltr'>δέτὴν</span> <span class='ocrx_word' id='word_1_55' title='bbox 402 2377 577 2450; x_wconf 74' lang='grc' dir='ltr'>Δικαιοσύνην</span> <span class='ocrx_word' id='word_1_56' title='bbox 596 2377 836 2453; x_wconf 88' lang='grc' dir='ltr'>διαπυνθανομένην</span> <span class='ocrx_word' id='word_1_57' title='bbox 849 2377 897 2449; x_wconf 70' lang='grc' dir='ltr'>τὴν</span> <span class='ocrx_word' id='word_1_58' title='bbox 910 2377 995 2436; x_wconf 76' lang='grc' dir='ltr'>αἰτίαν</span> 
     </span>
     <span class='ocr_line' id='line_1_11' title="bbox 210 2455 997 2543; baseline -0.004 -17"><span class='ocrx_word' id='word_1_59' title='bbox 210 2455 256 2539; x_wconf 72' lang='grc' dir='ltr'>τῆς</span> <span class='ocrx_word' id='word_1_60' title='bbox 269 2464 374 2538; x_wconf 79' lang='grc' dir='ltr'>λύιύης,</span> <span class='ocrx_word' id='word_1_61' title='bbox 390 2465 436 2523; x_wconf 86' lang='grc' dir='ltr'>καί</span> <span class='ocrx_word' id='word_1_62' title='bbox 453 2465 500 2537; x_wconf 74' lang='grc' dir='ltr'>τὴν</span> <span class='ocrx_word' id='word_1_63' title='bbox 512 2467 640 2543; x_wconf 82' lang='grc' dir='ltr'>λέγουσαν</span> <span class='ocrx_word' id='word_1_64' title='bbox 655 2468 737 2543; x_wconf 76' lang='lat' dir='ltr'><strong>(libri</strong></span> <span class='ocrx_word' id='word_1_65' title='bbox 751 2466 796 2524; x_wconf 85' lang='grc' dir='ltr'>καί</span> <span class='ocrx_word' id='word_1_66' title='bbox 816 2464 865 2537; x_wconf 76' lang='grc' dir='ltr'>τὴν</span> <span class='ocrx_word' id='word_1_67' title='bbox 884 2464 997 2538; x_wconf 82' lang='grc' dir='ltr'>Ποίησιν</span> 
     </span>
     <span class='ocr_line' id='line_1_12' title="bbox 209 2553 998 2636; baseline 0.001 -24"><span class='ocrx_word' id='word_1_68' title='bbox 209 2557 276 2636; x_wconf 73' lang='grc' dir='ltr'>λάμ,</span> <span class='ocrx_word' id='word_1_69' title='bbox 292 2576 355 2631; x_wconf 84' lang='lat' dir='ltr'><strong>quae</strong></span> <span class='ocrx_word' id='word_1_70' title='bbox 368 2553 435 2613; x_wconf 74' lang='lat' dir='ltr'><strong>salsi</strong></span> <span class='ocrx_word' id='word_1_71' title='bbox 448 2568 491 2612; x_wconf 87' lang='lat' dir='ltr'>est</span> <span class='ocrx_word' id='word_1_72' title='bbox 503 2558 712 2633; x_wconf 77' lang='lat' dir='ltr'><strong>interpretatio,</strong></span> <span class='ocrx_word' id='word_1_73' title='bbox 730 2556 850 2630; x_wconf 81' lang='lat' dir='ltr'><strong>antiquo</strong></span> <span class='ocrx_word' id='word_1_74' title='bbox 866 2556 956 2613; x_wconf 89' lang='lat' dir='ltr'><strong>modo</strong></span> <span class='ocrx_word' id='word_1_75' title='bbox 969 2567 998 2613; x_wconf 89' lang='lat' dir='ltr'>et</span> 
     </span>
     <span class='ocr_line' id='line_1_13' title="bbox 208 2641 995 2722; baseline -0.005 -19"><span class='ocrx_word' id='word_1_76' title='bbox 208 2649 351 2722; x_wconf 75' lang='lat' dir='ltr'><strong>eleganter</strong></span> <span class='ocrx_word' id='word_1_77' title='bbox 366 2644 437 2701; x_wconf 82' lang='lat' dir='ltr'><strong>dicti</strong></span> <span class='ocrx_word' id='word_1_78' title='bbox 448 2641 496 2714; x_wconf 76' lang='grc' dir='ltr'>τλν</span> <span class='ocrx_word' id='word_1_79' title='bbox 505 2663 560 2720; x_wconf 94' lang='lat' dir='ltr'>pro</span> <span class='ocrx_word' id='word_1_80' title='bbox 570 2641 678 2717; x_wconf 85' lang='grc' dir='ltr'>ταύτην,</span> <span class='ocrx_word' id='word_1_81' title='bbox 690 2646 712 2704; x_wconf 90' lang='lat' dir='ltr'><strong>i.</strong></span> <span class='ocrx_word' id='word_1_82' title='bbox 727 2665 754 2705; x_wconf 89' lang='lat' dir='ltr'><strong>e.</strong></span> <span class='ocrx_word' id='word_1_83' title='bbox 770 2643 818 2715; x_wconf 87' lang='grc' dir='ltr'>τὴν</span> <span class='ocrx_word' id='word_1_84' title='bbox 832 2642 995 2722; x_wconf 81' lang='grc' dir='ltr'>Μουσικήν),</span> 
     </span>
    </p>
   </div>
   <div class='ocr_carea' id='block_1_4' title="bbox 181 2754 998 3597">
    <p class='ocr_par' dir='ltr' id='par_1_4' title="bbox 181 2754 998 3597">
     <span class='ocr_line' id='line_1_14' title="bbox 284 2754 972 2854; baseline -0.004 -26"><span class='ocrx_word' id='word_1_85' title='bbox 284 2754 370 2837; x_wconf 78' lang='grc' dir='ltr'>Λέξω</span> <span class='ocrx_word' id='word_1_86' title='bbox 388 2760 442 2853; x_wconf 81' lang='grc' dir='ltr'>μέν</span> <span class='ocrx_word' id='word_1_87' title='bbox 457 2763 510 2825; x_wconf 84' lang='grc' dir='ltr'>οὐκ</span> <span class='ocrx_word' id='word_1_88' title='bbox 527 2755 658 2826; x_wconf 79' lang='grc' dir='ltr'>ἄκουσα·</span> <span class='ocrx_word' id='word_1_89' title='bbox 675 2759 724 2826; x_wconf 90' lang='grc' dir='ltr'>οοί</span> <span class='ocrx_word' id='word_1_90' title='bbox 741 2783 776 2826; x_wconf 85' lang='grc' dir='ltr'>τε</span> <span class='ocrx_word' id='word_1_91' title='bbox 789 2758 846 2854; x_wconf 73' lang='grc' dir='ltr'>γὰρ</span> <span class='ocrx_word' id='word_1_92' title='bbox 861 2761 972 2845; x_wconf 80' lang='grc' dir='ltr'>κλύειν,</span> 
     </span>
     <span class='ocr_line' id='line_1_15' title="bbox 181 2858 841 2960; baseline -0.002 -27"><span class='ocrx_word' id='word_1_93' title='bbox 181 2865 183 2887; x_wconf 66' lang='lat'>³</span> <span class='ocrx_word' id='word_1_94' title='bbox 283 2868 350 2960; x_wconf 82' lang='grc' dir='ltr'>ἐμοί</span> <span class='ocrx_word' id='word_1_95' title='bbox 365 2893 399 2933; x_wconf 88' lang='grc' dir='ltr'>τε</span> <span class='ocrx_word' id='word_1_96' title='bbox 413 2861 502 2943; x_wconf 78' lang='grc' dir='ltr'>λέξαι</span> <span class='ocrx_word' id='word_1_97' title='bbox 512 2863 625 2959; x_wconf 73' lang='grc' dir='ltr'>,θυμὸς</span> <span class='ocrx_word' id='word_1_98' title='bbox 640 2858 751 2941; x_wconf 76' lang='grc' dir='ltr'>η’δονην</span> <span class='ocrx_word' id='word_1_99' title='bbox 766 2868 841 2960; x_wconf 81' lang='grc' dir='ltr'>ἔχει.</span> 
     </span>
     <span class='ocr_line' id='line_1_16' title="bbox 284 2963 979 3067; baseline -0.004 -28"><span class='ocrx_word' id='word_1_100' title='bbox 284 2969 362 3066; x_wconf 68' lang='grc' dir='ltr'>Ιδμοὶ</span> <span class='ocrx_word' id='word_1_101' title='bbox 376 2971 433 3067; x_wconf 79' lang='grc' dir='ltr'>γὰρ</span> <span class='ocrx_word' id='word_1_102' title='bbox 447 2965 520 3064; x_wconf 78' lang='grc' dir='ltr'>ἦρξε</span> <span class='ocrx_word' id='word_1_103' title='bbox 538 2982 598 3039; x_wconf 89' lang='grc' dir='ltr'>τῶν</span> <span class='ocrx_word' id='word_1_104' title='bbox 614 2983 717 3039; x_wconf 88' lang='grc' dir='ltr'>κακῶν</span> <span class='ocrx_word' id='word_1_105' title='bbox 735 2963 979 3049; x_wconf 79' lang='grc' dir='ltr'>Μελανιππίδης</span> 
     </span>
     <span class='ocr_line' id='line_1_17' title="bbox 224 3074 910 3172; baseline -0.003 -26"><span class='ocrx_word' id='word_1_106' title='bbox 224 3075 228 3080; x_wconf 59' lang='grc'><strong>’</strong></span> <span class='ocrx_word' id='word_1_107' title='bbox 284 3083 314 3145; x_wconf 80' lang='grc' dir='ltr'>ἐν</span> <span class='ocrx_word' id='word_1_108' title='bbox 336 3088 417 3146; x_wconf 87' lang='grc' dir='ltr'>τοῖσι</span> <span class='ocrx_word' id='word_1_109' title='bbox 430 3088 565 3172; x_wconf 85' lang='grc' dir='ltr'>πρῶτος,</span> <span class='ocrx_word' id='word_1_110' title='bbox 581 3074 727 3157; x_wconf 82' lang='grc' dir='ltr'>δςλαύῶν</span> <span class='ocrx_word' id='word_1_111' title='bbox 743 3079 834 3152; x_wconf 76' lang='grc' dir='ltr'>άνλκέ</span> <span class='ocrx_word' id='word_1_112' title='bbox 856 3103 910 3170; x_wconf 88' lang='grc' dir='ltr'>με,</span> 
     </span>
     <span class='ocr_line' id='line_1_18' title="bbox 227 3175 963 3279; baseline -0.007 -26"><span class='ocrx_word' id='word_1_113' title='bbox 227 3180 256 3254; x_wconf 83' lang='grc'>,5</span> <span class='ocrx_word' id='word_1_114' title='bbox 283 3189 496 3279; x_wconf 75' lang='grc' dir='ltr'>χαλαρωτέραν</span> <span class='ocrx_word' id='word_1_115' title='bbox 512 3192 543 3252; x_wconf 88' lang='grc' dir='ltr'>τ’</span> <span class='ocrx_word' id='word_1_116' title='bbox 559 3186 683 3259; x_wconf 79' lang='grc' dir='ltr'>ἐποίησε</span> <span class='ocrx_word' id='word_1_117' title='bbox 699 3178 825 3277; x_wconf 88' lang='grc' dir='ltr'>χορδαῖς</span> <span class='ocrx_word' id='word_1_118' title='bbox 834 3175 963 3258; x_wconf 78' lang='grc' dir='ltr'>,δώδεκα</span> 
     </span>
     <span class='ocr_line' id='line_1_19' title="bbox 286 3283 997 3384; baseline -0.004 -25"><span class='ocrx_word' id='word_1_119' title='bbox 286 3291 376 3383; x_wconf 76' lang='grc' dir='ltr'>(πρὶν</span> <span class='ocrx_word' id='word_1_120' title='bbox 393 3283 491 3358; x_wconf 82' lang='grc' dir='ltr'>ἕνδεκ’</span> <span class='ocrx_word' id='word_1_121' title='bbox 509 3288 643 3384; x_wconf 85' lang='grc' dir='ltr'>ούσῶν)·</span> <span class='ocrx_word' id='word_1_122' title='bbox 660 3291 731 3356; x_wconf 85' lang='grc' dir='ltr'>ἀλλ’</span> <span class='ocrx_word' id='word_1_123' title='bbox 745 3292 826 3381; x_wconf 86' lang='grc' dir='ltr'>ὅμως</span> <span class='ocrx_word' id='word_1_124' title='bbox 841 3288 926 3367; x_wconf 79' lang='grc' dir='ltr'>οὗτος</span> <span class='ocrx_word' id='word_1_125' title='bbox 943 3290 997 3381; x_wconf 85' lang='grc' dir='ltr'>μὲν</span> 
     </span>
     <span class='ocr_line' id='line_1_20' title="bbox 619 3396 998 3471; baseline -0.005 -66"><span class='ocrx_word' id='word_1_126' title='bbox 619 3397 623 3405; x_wconf 92' lang='grc'>.</span> <span class='ocrx_word' id='word_1_127' title='bbox 962 3396 998 3471; x_wconf 50' lang='grc' dir='ltr'>ἦν</span> 
     </span>
     <span class='ocr_line' id='line_1_21' title="bbox 241 3501 964 3597; baseline 0.001 -29"><span class='ocrx_word' id='word_1_128' title='bbox 241 3546 243 3549; x_wconf 95' lang='grc'>-</span> <span class='ocrx_word' id='word_1_129' title='bbox 287 3503 429 3596; x_wconf 76' lang='grc' dir='ltr'>ἀποχρῶν</span> <span class='ocrx_word' id='word_1_130' title='bbox 449 3504 521 3597; x_wconf 79' lang='grc' dir='ltr'>ἀνὴρ</span> <span class='ocrx_word' id='word_1_131' title='bbox 537 3504 640 3596; x_wconf 85' lang='grc' dir='ltr'>έμοιγε</span> <span class='ocrx_word' id='word_1_132' title='bbox 656 3504 728 3597; x_wconf 86' lang='grc' dir='ltr'>πρὸς</span> <span class='ocrx_word' id='word_1_133' title='bbox 742 3501 849 3569; x_wconf 77' lang='grc' dir='ltr'>τὰνῦν</span> <span class='ocrx_word' id='word_1_134' title='bbox 866 3502 964 3569; x_wconf 80' lang='grc' dir='ltr'>κακά·</span> 
     </span>
    </p>
   </div>
   <div class='ocr_carea' id='block_1_5' title="bbox 228 3602 1032 3704">
    <p class='ocr_par' dir='ltr' id='par_1_5' title="bbox 228 3602 1032 3704">
     <span class='ocr_line' id='line_1_22' title="bbox 228 3602 1032 3704; baseline 0.01 -33"><span class='ocrx_word' id='word_1_135' title='bbox 228 3635 233 3640; x_wconf 93' lang='grc'><strong><em>·</em></strong></span> <span class='ocrx_word' id='word_1_136' title='bbox 287 3608 437 3685; x_wconf 77' lang='grc' dir='ltr'>Κινησίας</span> <span class='ocrx_word' id='word_1_137' title='bbox 451 3608 558 3704; x_wconf 64' lang='lat' dir='ltr'><strong>timi</strong></span> <span class='ocrx_word' id='word_1_138' title='bbox 575 3607 810 3701; x_wconf 86' lang='grc' dir='ltr'>λακατάρατος,</span> <span class='ocrx_word' id='word_1_139' title='bbox 825 3602 970 3691; x_wconf 75' lang='grc' dir='ltr'>Ᾱττικδς,</span> <span class='ocrx_word' id='word_1_140' title='bbox 1030 3647 1032 3649; x_wconf 50' lang='grc'>’</span> 
     </span>
    </p>
   </div>
   <div class='ocr_carea' id='block_1_6' title="bbox 219 3708 1002 4982">
    <p class='ocr_par' dir='ltr' id='par_1_6' title="bbox 219 3708 1002 4982">
     <span class='ocr_line' id='line_1_23' title="bbox 285 3708 999 3809; baseline 0.001 -30"><span class='ocrx_word' id='word_1_141' title='bbox 285 3708 473 3808; x_wconf 74' lang='grc' dir='ltr'>ἐξαρμονίους</span> <span class='ocrx_word' id='word_1_142' title='bbox 485 3710 611 3809; x_wconf 80' lang='grc' dir='ltr'>καμπδις</span> <span class='ocrx_word' id='word_1_143' title='bbox 623 3724 719 3783; x_wconf 89' lang='grc' dir='ltr'>ποιῶν</span> <span class='ocrx_word' id='word_1_144' title='bbox 733 3716 762 3781; x_wconf 81' lang='grc' dir='ltr'>ἐν</span> <span class='ocrx_word' id='word_1_145' title='bbox 774 3720 840 3794; x_wconf 86' lang='grc' dir='ltr'>ταῖς</span> <span class='ocrx_word' id='word_1_146' title='bbox 850 3722 999 3809; x_wconf 83' lang='grc' dir='ltr'>στροφαῖς,</span> 
     </span>
     <span class='ocr_line' id='line_1_24' title="bbox 222 3815 999 3914; baseline 0 -27"><span class='ocrx_word' id='word_1_147' title='bbox 222 3815 261 3888; x_wconf 81' lang='grc' dir='ltr'>ιο</span> <span class='ocrx_word' id='word_1_148' title='bbox 286 3820 464 3887; x_wconf 86' lang='grc' dir='ltr'>άπολώλεκέ</span> <span class='ocrx_word' id='word_1_149' title='bbox 483 3818 515 3914; x_wconf 82' lang='grc' dir='ltr'>μ’</span> <span class='ocrx_word' id='word_1_150' title='bbox 533 3826 644 3903; x_wconf 84' lang='grc' dir='ltr'>οὕτως,</span> <span class='ocrx_word' id='word_1_151' title='bbox 666 3826 745 3889; x_wconf 83' lang='grc' dir='ltr'>ὥστε</span> <span class='ocrx_word' id='word_1_152' title='bbox 770 3831 825 3898; x_wconf 74' lang='grc' dir='ltr'>τῆς</span> <span class='ocrx_word' id='word_1_153' title='bbox 850 3825 999 3899; x_wconf 70' lang='grc' dir='ltr'>ποιήσεως</span> 
     </span>
     <span class='ocr_line' id='line_1_25' title="bbox 285 3922 1000 4022; baseline 0 -29"><span class='ocrx_word' id='word_1_154' title='bbox 285 3937 347 3993; x_wconf 91' lang='grc' dir='ltr'>τῶν</span> <span class='ocrx_word' id='word_1_155' title='bbox 359 3922 571 4021; x_wconf 80' lang='grc' dir='ltr'>διέλιράμύων,</span> <span class='ocrx_word' id='word_1_156' title='bbox 584 3927 717 4022; x_wconf 80' lang='grc' dir='ltr'>καθάπερ</span> <span class='ocrx_word' id='word_1_157' title='bbox 730 3932 760 3994; x_wconf 85' lang='grc' dir='ltr'>έν</span> <span class='ocrx_word' id='word_1_158' title='bbox 774 3934 842 4005; x_wconf 85' lang='grc' dir='ltr'>ταῖς</span> <span class='ocrx_word' id='word_1_159' title='bbox 856 3927 1000 4011; x_wconf 79' lang='grc' dir='ltr'>ἀσπίσιν,</span> 
     </span>
     <span class='ocr_line' id='line_1_26' title="bbox 287 4026 852 4125; baseline 0.007 -26"><span class='ocrx_word' id='word_1_160' title='bbox 287 4035 418 4125; x_wconf 79' lang='grc' dir='ltr'>ἀριστέρ’</span> <span class='ocrx_word' id='word_1_161' title='bbox 437 4034 533 4111; x_wconf 89' lang='grc' dir='ltr'>αύτως</span> <span class='ocrx_word' id='word_1_162' title='bbox 548 4033 687 4125; x_wconf 90' lang='grc' dir='ltr'>φαίνεται</span> <span class='ocrx_word' id='word_1_163' title='bbox 702 4032 743 4101; x_wconf 77' lang='grc' dir='ltr'>τὰ</span> <span class='ocrx_word' id='word_1_164' title='bbox 754 4026 852 4111; x_wconf 72' lang='grc' dir='ltr'>δεξιά.</span> 
     </span>
     <span class='ocr_line' id='line_1_27' title="bbox 248 4131 958 4232; baseline -0.001 -27"><span class='ocrx_word' id='word_1_165' title='bbox 248 4140 261 4169; x_wconf 74' lang='grc'>’</span> <span class='ocrx_word' id='word_1_166' title='bbox 282 4131 362 4205; x_wconf 77' lang='grc' dir='ltr'>λλλ’</span> <span class='ocrx_word' id='word_1_167' title='bbox 378 4143 432 4205; x_wconf 87' lang='grc' dir='ltr'>ούκ</span> <span class='ocrx_word' id='word_1_168' title='bbox 447 4136 591 4230; x_wconf 14' lang='grc' dir='ltr'>δινφείποις</span> <span class='ocrx_word' id='word_1_169' title='bbox 609 4138 699 4217; x_wconf 75' lang='grc' dir='ltr'>οὗτος</span> <span class='ocrx_word' id='word_1_170' title='bbox 713 4137 750 4214; x_wconf 77' lang='grc' dir='ltr'>ἦν</span> <span class='ocrx_word' id='word_1_171' title='bbox 764 4143 846 4232; x_wconf 87' lang='grc' dir='ltr'>ὅμως</span> <span class='ocrx_word' id='word_1_172' title='bbox 860 4141 958 4230; x_wconf 80' lang='grc' dir='ltr'>ὅμως·</span> 
     </span>
     <span class='ocr_line' id='line_1_28' title="bbox 288 4236 975 4339; baseline 0 -30"><span class='ocrx_word' id='word_1_173' title='bbox 288 4255 392 4338; x_wconf 85' lang='grc' dir='ltr'>Φρῦνις</span> <span class='ocrx_word' id='word_1_174' title='bbox 409 4236 449 4338; x_wconf 81' lang='grc' dir='ltr'>δ’,</span> <span class='ocrx_word' id='word_1_175' title='bbox 466 4239 546 4337; x_wconf 79' lang='grc' dir='ltr'>ίδιον</span> <span class='ocrx_word' id='word_1_176' title='bbox 564 4241 724 4339; x_wconf 79' lang='grc' dir='ltr'>στρύύιλον</span> <span class='ocrx_word' id='word_1_177' title='bbox 737 4240 879 4337; x_wconf 68' lang='grc' dir='ltr'>ἑμύαλών</span> <span class='ocrx_word' id='word_1_178' title='bbox 892 4248 975 4328; x_wconf 84' lang='grc' dir='ltr'>τινα,</span> 
     </span>
     <span class='ocr_line' id='line_1_29' title="bbox 223 4340 994 4444; baseline -0.005 -26"><span class='ocrx_word' id='word_1_179' title='bbox 223 4340 262 4418; x_wconf 71' lang='grc' dir='ltr'>έῧ</span> <span class='ocrx_word' id='word_1_180' title='bbox 288 4350 440 4443; x_wconf 84' lang='grc' dir='ltr'>κάμπτων</span> <span class='ocrx_word' id='word_1_181' title='bbox 461 4375 499 4442; x_wconf 85' lang='grc' dir='ltr'>με</span> <span class='ocrx_word' id='word_1_182' title='bbox 515 4349 566 4418; x_wconf 90' lang='grc' dir='ltr'>καὶ</span> <span class='ocrx_word' id='word_1_183' title='bbox 583 4343 718 4444; x_wconf 83' lang='grc' dir='ltr'>στρέφων</span> <span class='ocrx_word' id='word_1_184' title='bbox 733 4353 806 4423; x_wconf 84' lang='grc' dir='ltr'>ὁλην</span> <span class='ocrx_word' id='word_1_185' title='bbox 822 4341 994 4442; x_wconf 80' lang='grc' dir='ltr'>διέφθορεν,</span> 
     </span>
     <span class='ocr_line' id='line_1_30' title="bbox 230 4448 953 4559; baseline 0 -38"><span class='ocrx_word' id='word_1_186' title='bbox 230 4460 238 4559; x_wconf 32' lang='grc' dir='ltr'>γ’</span> <span class='ocrx_word' id='word_1_187' title='bbox 288 4459 317 4522; x_wconf 81' lang='grc' dir='ltr'>ἐν</span> <span class='ocrx_word' id='word_1_188' title='bbox 332 4460 422 4523; x_wconf 83' lang='grc' dir='ltr'>πέντε</span> <span class='ocrx_word' id='word_1_189' title='bbox 432 4449 558 4550; x_wconf 86' lang='grc' dir='ltr'>χορδαῖς</span> <span class='ocrx_word' id='word_1_190' title='bbox 572 4448 688 4551; x_wconf 84' lang='grc' dir='ltr'>δώδεχ’</span> <span class='ocrx_word' id='word_1_191' title='bbox 709 4454 853 4550; x_wconf 79' lang='grc' dir='ltr'>ἁρμονίας</span> <span class='ocrx_word' id='word_1_192' title='bbox 863 4456 953 4548; x_wconf 87' lang='grc' dir='ltr'>έχων.</span> 
     </span>
     <span class='ocr_line' id='line_1_31' title="bbox 290 4564 975 4664; baseline -0.001 -29"><span class='ocrx_word' id='word_1_193' title='bbox 290 4564 365 4650; x_wconf 76' lang='grc' dir='ltr'>λλλ’</span> <span class='ocrx_word' id='word_1_194' title='bbox 381 4567 432 4637; x_wconf 78' lang='grc' dir='ltr'>οὖν</span> <span class='ocrx_word' id='word_1_195' title='bbox 445 4571 547 4664; x_wconf 88' lang='grc' dir='ltr'>ἔμοιγε</span> <span class='ocrx_word' id='word_1_196' title='bbox 559 4597 583 4662; x_wconf 85' lang='grc' dir='ltr'>χ</span> <span class='ocrx_word' id='word_1_197' title='bbox 583 4568 668 4647; x_wconf 74' lang='grc' dir='ltr'>οὗτος</span> <span class='ocrx_word' id='word_1_198' title='bbox 681 4568 717 4644; x_wconf 84' lang='grc' dir='ltr'>ἦν</span> <span class='ocrx_word' id='word_1_199' title='bbox 729 4570 871 4663; x_wconf 81' lang='grc' dir='ltr'>ἀποχρῶν</span> <span class='ocrx_word' id='word_1_200' title='bbox 883 4569 975 4660; x_wconf 79' lang='grc' dir='ltr'>άνιύρ·</span> 
     </span>
     <span class='ocr_line' id='line_1_32' title="bbox 233 4670 952 4769; baseline -0.001 -27"><span class='ocrx_word' id='word_1_201' title='bbox 233 4735 238 4749; x_wconf 85' lang='grc'>,</span> <span class='ocrx_word' id='word_1_202' title='bbox 292 4678 318 4742; x_wconf 84' lang='grc' dir='ltr'>εἰ</span> <span class='ocrx_word' id='word_1_203' title='bbox 336 4677 394 4769; x_wconf 84' lang='grc' dir='ltr'>γάρ</span> <span class='ocrx_word' id='word_1_204' title='bbox 408 4703 442 4742; x_wconf 92' lang='grc' dir='ltr'>τι</span> <span class='ocrx_word' id='word_1_205' title='bbox 461 4676 666 4769; x_wconf 75' lang='grc' dir='ltr'>κάξύμαρτιν,</span> <span class='ocrx_word' id='word_1_206' title='bbox 688 4673 771 4753; x_wconf 68' lang='grc' dir='ltr'>αὖθις</span> <span class='ocrx_word' id='word_1_207' title='bbox 789 4670 952 4742; x_wconf 78' lang='grc' dir='ltr'>άνέλαύεν·</span> 
     </span>
     <span class='ocr_line' id='line_1_33' title="bbox 234 4774 1000 4874; baseline -0.003 -27"><span class='ocrx_word' id='word_1_208' title='bbox 234 4804 237 4829; x_wconf 70' lang='lat'>³</span> <span class='ocrx_word' id='word_1_209' title='bbox 290 4788 307 4847; x_wconf 86' lang='grc' dir='ltr'><strong>ὁ</strong></span> <span class='ocrx_word' id='word_1_210' title='bbox 324 4774 343 4846; x_wconf 89' lang='grc' dir='ltr'>δ</span> <span class='ocrx_word' id='word_1_211' title='bbox 346 4783 359 4847; x_wconf 72' lang='grc' dir='ltr'><strong>ἐ</strong></span> <span class='ocrx_word' id='word_1_212' title='bbox 372 4782 516 4874; x_wconf 84' lang='grc' dir='ltr'>Τιμύδεύς</span> <span class='ocrx_word' id='word_1_213' title='bbox 533 4774 615 4874; x_wconf 85' lang='grc' dir='ltr'>μ’,ὦ</span> <span class='ocrx_word' id='word_1_214' title='bbox 630 4779 765 4874; x_wconf 87' lang='grc' dir='ltr'>φιλτάτη</span> <span class='ocrx_word' id='word_1_215' title='bbox 779 4833 788 4864; x_wconf 91' lang='grc'>,</span> <span class='ocrx_word' id='word_1_216' title='bbox 800 4784 1000 4874; x_wconf 83' lang='grc' dir='ltr'>κατορώρυχε,</span> 
     </span>
     <span class='ocr_line' id='line_1_34' title="bbox 219 4879 1002 4982; baseline 0 -31"><span class='ocrx_word' id='word_1_217' title='bbox 219 4900 265 4953; x_wconf 72' lang='grc' dir='ltr'>υζο</span> <span class='ocrx_word' id='word_1_218' title='bbox 291 4879 699 4982; x_wconf 83' lang='grc' dir='ltr'>καὶδιακέκναικάίσχιστα.</span> <span class='ocrx_word' id='word_1_219' title='bbox 710 4895 888 4964; x_wconf 77' lang='grc' dir='ltr'>ΔΙΚ.Ποῖος</span> <span class='ocrx_word' id='word_1_220' title='bbox 900 4884 1002 4952; x_wconf 82' lang='grc' dir='ltr'>οὑτοσὶ</span> 
     </span>
    </p>
   </div>
   <div class='ocr_carea' id='block_1_7' title="bbox 704 1516 1328 1592">
    <p class='ocr_par' dir='ltr' id='par_1_7' title="bbox 704 1516 1328 1592">
     <span class='ocr_line' id='line_1_35' title="bbox 704 1516 1328 1592; baseline -0.003 -13"><span class='ocrx_word' id='word_1_221' title='bbox 704 1518 920 1579; x_wconf 84' lang='lat' dir='ltr'>COMOEDIAE&#39;</span> <span class='ocrx_word' id='word_1_222' title='bbox 933 1517 1099 1580; x_wconf 69' lang='lat' dir='ltr'><strong>vereris</strong></span> <span class='ocrx_word' id='word_1_223' title='bbox 1120 1516 1328 1592; x_wconf 79' lang='lat' dir='ltr'><strong>RELlQUlAE.</strong></span> 
     </span>
    </p>
   </div>
   <div class='ocr_carea' id='block_1_8' title="bbox 1045 1645 1830 2275">
    <p class='ocr_par' dir='ltr' id='par_1_8' title="bbox 1045 1645 1830 2275">
     <span class='ocr_line' id='line_1_36' title="bbox 1080 1645 1828 1748; baseline 0 -28"><span class='ocrx_word' id='word_1_224' title='bbox 1080 1655 1092 1683; x_wconf 71' lang='lat'><em>⁶</em></span> <span class='ocrx_word' id='word_1_225' title='bbox 1119 1653 1309 1742; x_wconf 79' lang='grc' dir='ltr'>ὀΤιμύύεος;</span> <span class='ocrx_word' id='word_1_226' title='bbox 1330 1664 1448 1717; x_wconf 80' lang='grc' dir='ltr'>ΜΟΥΣ.</span> <span class='ocrx_word' id='word_1_227' title='bbox 1467 1652 1624 1730; x_wconf 69' lang='grc' dir='ltr'>Μιλήσιός</span> <span class='ocrx_word' id='word_1_228' title='bbox 1639 1679 1686 1729; x_wconf 90' lang='grc' dir='ltr'>τις</span> <span class='ocrx_word' id='word_1_229' title='bbox 1697 1645 1828 1748; x_wconf 46' lang='grc' dir='ltr'>’Πυρρίας</span> 
     </span>
     <span class='ocr_line' id='line_1_37' title="bbox 1074 1756 1830 1851; baseline 0.001 -26"><span class='ocrx_word' id='word_1_230' title='bbox 1074 1756 1090 1790; x_wconf 54' lang='grc' dir='ltr'>’ί</span> <span class='ocrx_word' id='word_1_231' title='bbox 1115 1761 1194 1826; x_wconf 87' lang='grc' dir='ltr'>κακά</span> <span class='ocrx_word' id='word_1_232' title='bbox 1221 1785 1273 1851; x_wconf 90' lang='grc' dir='ltr'>μοι</span> <span class='ocrx_word' id='word_1_233' title='bbox 1297 1762 1456 1850; x_wconf 82' lang='grc' dir='ltr'>παρέσχεν·</span> <span class='ocrx_word' id='word_1_234' title='bbox 1487 1757 1572 1835; x_wconf 78' lang='grc' dir='ltr'>οὗτος</span> <span class='ocrx_word' id='word_1_235' title='bbox 1600 1760 1757 1840; x_wconf 83' lang='grc' dir='ltr'>ἅπαντας,</span> <span class='ocrx_word' id='word_1_236' title='bbox 1783 1763 1830 1837; x_wconf 78' lang='grc' dir='ltr'>οὒς</span> 
     </span>
     <span class='ocr_line' id='line_1_38' title="bbox 1726 1870 1828 1960; baseline -0.01 -27"><span class='ocrx_word' id='word_1_237' title='bbox 1726 1870 1828 1960; x_wconf 85' lang='grc' dir='ltr'>λέγω,</span> 
     </span>
     <span class='ocr_line' id='line_1_39' title="bbox 1116 1963 1814 2064; baseline 0 -27"><span class='ocrx_word' id='word_1_238' title='bbox 1116 1968 1293 2064; x_wconf 84' lang='grc' dir='ltr'>παρεληλυθ’</span> <span class='ocrx_word' id='word_1_239' title='bbox 1311 1963 1393 2059; x_wconf 84' lang='grc' dir='ltr'>ᾅδων</span> <span class='ocrx_word' id='word_1_240' title='bbox 1410 1973 1608 2062; x_wconf 79' lang='grc' dir='ltr'>έκτραπελους</span> <span class='ocrx_word' id='word_1_241' title='bbox 1626 1975 1814 2063; x_wconf 87' lang='grc' dir='ltr'>μυρμηκιάς·</span> 
     </span>
     <span class='ocr_line' id='line_1_40' title="bbox 1115 2066 1760 2170; baseline 0.002 -28"><span class='ocrx_word' id='word_1_242' title='bbox 1115 2073 1172 2142; x_wconf 86' lang='grc' dir='ltr'>κδιν</span> <span class='ocrx_word' id='word_1_243' title='bbox 1191 2079 1299 2167; x_wconf 81' lang='grc' dir='ltr'>έντύχη</span> <span class='ocrx_word' id='word_1_244' title='bbox 1315 2078 1373 2141; x_wconf 92' lang='grc' dir='ltr'>πού</span> <span class='ocrx_word' id='word_1_245' title='bbox 1390 2101 1442 2167; x_wconf 92' lang='grc' dir='ltr'>μοι</span> <span class='ocrx_word' id='word_1_246' title='bbox 1455 2066 1641 2168; x_wconf 80' lang='grc' dir='ltr'>βαδιζομένη</span> <span class='ocrx_word' id='word_1_247' title='bbox 1663 2078 1760 2170; x_wconf 83' lang='grc' dir='ltr'>μύνη,</span> 
     </span>
     <span class='ocr_line' id='line_1_41' title="bbox 1045 2174 1706 2275; baseline -0.002 -24"><span class='ocrx_word' id='word_1_248' title='bbox 1045 2179 1257 2251; x_wconf 61' lang='grc' dir='ltr'>25*άπέλυσε</span> <span class='ocrx_word' id='word_1_249' title='bbox 1273 2183 1416 2249; x_wconf 76' lang='grc' dir='ltr'>κάνέλυσε</span> <span class='ocrx_word' id='word_1_250' title='bbox 1431 2174 1555 2275; x_wconf 86' lang='grc' dir='ltr'>χορδαῖς</span> <span class='ocrx_word' id='word_1_251' title='bbox 1571 2176 1706 2250; x_wconf 85' lang='grc' dir='ltr'>δώδεκα.</span> 
     </span>
    </p>
   </div>
   <div class='ocr_carea' id='block_1_9' title="bbox 1043 2316 1830 2661">
    <p class='ocr_par' dir='ltr' id='par_1_9' title="bbox 1043 2316 1830 2661">
     <span class='ocr_line' id='line_1_42' title="bbox 1043 2316 1830 2399; baseline 0.001 -22"><span class='ocrx_word' id='word_1_252' title='bbox 1043 2318 1089 2377; x_wconf 83' lang='grc' dir='ltr'>καὶ</span> <span class='ocrx_word' id='word_1_253' title='bbox 1113 2317 1327 2399; x_wconf 83' lang='grc' dir='ltr'>Ἀριστοφάνηςδ</span> <span class='ocrx_word' id='word_1_254' title='bbox 1348 2316 1465 2395; x_wconf 80' lang='grc' dir='ltr'>κωμικὸς</span> <span class='ocrx_word' id='word_1_255' title='bbox 1489 2316 1648 2394; x_wconf 81' lang='grc' dir='ltr'>μνημονεύει</span> <span class='ocrx_word' id='word_1_256' title='bbox 1670 2318 1830 2388; x_wconf 76' lang='grc' dir='ltr'>Φιλοξένου,</span> 
     </span>
     <span class='ocr_line' id='line_1_43' title="bbox 1044 2404 1830 2487; baseline -0.001 -21"><span class='ocrx_word' id='word_1_257' title='bbox 1044 2408 1089 2466; x_wconf 89' lang='grc' dir='ltr'>καί</span> <span class='ocrx_word' id='word_1_258' title='bbox 1104 2429 1194 2487; x_wconf 89' lang='grc' dir='ltr'>φησιν,</span> <span class='ocrx_word' id='word_1_259' title='bbox 1207 2405 1246 2464; x_wconf 82' lang='grc' dir='ltr'>δτι</span> <span class='ocrx_word' id='word_1_260' title='bbox 1260 2409 1296 2472; x_wconf 83' lang='grc' dir='ltr'>εἰς</span> <span class='ocrx_word' id='word_1_261' title='bbox 1309 2405 1367 2472; x_wconf 80' lang='grc' dir='ltr'>τοὺς</span> <span class='ocrx_word' id='word_1_262' title='bbox 1384 2405 1504 2470; x_wconf 84' lang='grc' dir='ltr'>κυκλίους</span> <span class='ocrx_word' id='word_1_263' title='bbox 1518 2404 1611 2485; x_wconf 75' lang='grc' dir='ltr'>χορούς</span> <span class='ocrx_word' id='word_1_264' title='bbox 1626 2405 1695 2482; x_wconf 87' lang='grc' dir='ltr'>μέλη</span> <span class='ocrx_word' id='word_1_265' title='bbox 1708 2408 1830 2486; x_wconf 79' lang='grc' dir='ltr'>εἰσηνέγ-</span> 
     </span>
     <span class='ocr_line' id='line_1_44' title="bbox 1043 2493 1828 2570; baseline -0.003 -17"><span class='ocrx_word' id='word_1_266' title='bbox 1043 2519 1119 2555; x_wconf 83' lang='grc' dir='ltr'>κατο.</span> <span class='ocrx_word' id='word_1_267' title='bbox 1131 2498 1146 2526; x_wconf 70' lang='lat'>⁸</span> <span class='ocrx_word' id='word_1_268' title='bbox 1161 2500 1178 2565; x_wconf 76' lang='grc' dir='ltr'>ἡ</span> <span class='ocrx_word' id='word_1_269' title='bbox 1193 2494 1220 2552; x_wconf 79' lang='grc' dir='ltr'>δέ</span> <span class='ocrx_word' id='word_1_270' title='bbox 1235 2494 1360 2566; x_wconf 77' lang='grc' dir='ltr'>Μουσικὴ</span> <span class='ocrx_word' id='word_1_271' title='bbox 1371 2493 1443 2569; x_wconf 90' lang='grc' dir='ltr'>λέγει</span> <span class='ocrx_word' id='word_1_272' title='bbox 1457 2498 1539 2552; x_wconf 77' lang='grc' dir='ltr'>ταῦτα</span> <span class='ocrx_word' id='word_1_273' title='bbox 1555 2495 1657 2570; x_wconf 81' lang='lat' dir='ltr'><strong>(vocat</strong></span> <span class='ocrx_word' id='word_1_274' title='bbox 1669 2496 1753 2568; x_wconf 66' lang='grc' dir='ltr'>ἠως,</span> <span class='ocrx_word' id='word_1_275' title='bbox 1766 2498 1828 2552; x_wconf 80' lang='lat' dir='ltr'><strong>scil.</strong></span> 
     </span>
     <span class='ocr_line' id='line_1_45' title="bbox 1045 2583 1755 2661; baseline -0.004 -18"><span class='ocrx_word' id='word_1_276' title='bbox 1045 2588 1152 2660; x_wconf 85' lang='lat' dir='ltr'><strong>cyclios</strong></span> <span class='ocrx_word' id='word_1_277' title='bbox 1162 2587 1266 2640; x_wconf 86' lang='lat' dir='ltr'><strong>choros</strong></span> <span class='ocrx_word' id='word_1_278' title='bbox 1280 2604 1347 2639; x_wconf 89' lang='lat' dir='ltr'>cum</span> <span class='ocrx_word' id='word_1_279' title='bbox 1358 2583 1545 2659; x_wconf 83' lang='lat' dir='ltr'><strong>dithyrambis</strong></span> <span class='ocrx_word' id='word_1_280' title='bbox 1558 2585 1755 2661; x_wconf 84' lang='lat' dir='ltr'><strong>permixtos),</strong></span> 
     </span>
    </p>
   </div>
   <div class='ocr_carea' id='block_1_10' title="bbox 1117 2696 1830 3008">
    <p class='ocr_par' dir='ltr' id='par_1_10' title="bbox 1117 2696 1830 3008">
     <span class='ocr_line' id='line_1_46' title="bbox 1117 2696 1738 2796; baseline -0.002 -26"><span class='ocrx_word' id='word_1_281' title='bbox 1117 2698 1322 2796; x_wconf 76' lang='grc' dir='ltr'>ἐξαρμονίους,</span> <span class='ocrx_word' id='word_1_282' title='bbox 1336 2696 1564 2795; x_wconf 78' lang='grc' dir='ltr'>ὑπερύολαίους,</span> <span class='ocrx_word' id='word_1_283' title='bbox 1583 2702 1738 2779; x_wconf 82' lang='grc' dir='ltr'>ἀνοσίους,</span> 
     </span>
     <span class='ocr_line' id='line_1_47' title="bbox 1117 2807 1830 2903; baseline 0.003 -27"><span class='ocrx_word' id='word_1_284' title='bbox 1117 2810 1169 2876; x_wconf 89' lang='grc' dir='ltr'>καὶ</span> <span class='ocrx_word' id='word_1_285' title='bbox 1183 2808 1349 2902; x_wconf 90' lang='grc' dir='ltr'>νιγλάρους,</span> <span class='ocrx_word' id='word_1_286' title='bbox 1359 2813 1459 2900; x_wconf 87' lang='grc' dir='ltr'>ῶσπερ</span> <span class='ocrx_word' id='word_1_287' title='bbox 1471 2833 1507 2903; x_wconf 87' lang='grc' dir='ltr'>γε</span> <span class='ocrx_word' id='word_1_288' title='bbox 1523 2807 1579 2887; x_wconf 80' lang='grc' dir='ltr'>τὰς</span> <span class='ocrx_word' id='word_1_289' title='bbox 1590 2809 1744 2901; x_wconf 81' lang='grc' dir='ltr'>ῥαφάνους,</span> <span class='ocrx_word' id='word_1_290' title='bbox 1757 2813 1830 2884; x_wconf 71' lang='lat' dir='ltr'><strong>dtus</strong></span> 
     </span>
     <span class='ocr_line' id='line_1_48' title="bbox 1117 2918 1540 3008; baseline 0.005 -27"><span class='ocrx_word' id='word_1_291' title='bbox 1117 2926 1246 3007; x_wconf 86' lang='grc' dir='ltr'>καμπῶν</span> <span class='ocrx_word' id='word_1_292' title='bbox 1262 2942 1300 3004; x_wconf 80' lang='grc' dir='ltr'>με</span> <span class='ocrx_word' id='word_1_293' title='bbox 1315 2918 1540 3008; x_wconf 80' lang='grc' dir='ltr'>κατεμέστωσε.</span> 
     </span>
    </p>
   </div>
   <div class='ocr_carea' id='block_1_11' title="bbox 1045 3043 1831 4039">
    <p class='ocr_par' dir='ltr' id='par_1_11' title="bbox 1045 3043 1831 4039">
     <span class='ocr_line' id='line_1_49' title="bbox 1046 3043 1830 3101; baseline 0.003 -2"><span class='ocrx_word' id='word_1_294' title='bbox 1046 3044 1086 3099; x_wconf 82' lang='lat' dir='ltr'>Ex</span> <span class='ocrx_word' id='word_1_295' title='bbox 1102 3043 1225 3100; x_wconf 83' lang='lat' dir='ltr'><strong>Chirone</strong></span> <span class='ocrx_word' id='word_1_296' title='bbox 1241 3044 1338 3098; x_wconf 80' lang='lat' dir='ltr'><strong>subulo</strong></span> <span class='ocrx_word' id='word_1_297' title='bbox 1353 3044 1412 3098; x_wconf 82' lang='lat' dir='ltr'>haec</span> <span class='ocrx_word' id='word_1_298' title='bbox 1435 3043 1566 3098; x_wconf 77' lang='lat' dir='ltr'><strong>derivato</strong></span> <span class='ocrx_word' id='word_1_299' title='bbox 1588 3062 1648 3099; x_wconf 85' lang='lat' dir='ltr'><strong>esse</strong></span> <span class='ocrx_word' id='word_1_300' title='bbox 1662 3056 1778 3101; x_wconf 84' lang='lat' dir='ltr'><strong>constat</strong></span> <span class='ocrx_word' id='word_1_301' title='bbox 1797 3065 1830 3101; x_wconf 83' lang='lat' dir='ltr'>ex</span> 
     </span>
     <span class='ocr_line' id='line_1_50' title="bbox 1045 3119 1831 3206; baseline 0.005 -20"><span class='ocrx_word' id='word_1_302' title='bbox 1045 3132 1221 3188; x_wconf 76' lang='lat' dir='ltr'><strong>Nicomacho</strong></span> <span class='ocrx_word' id='word_1_303' title='bbox 1243 3134 1383 3190; x_wconf 76' lang='lat' dir='ltr'><strong>Hermon.</strong></span> <span class='ocrx_word' id='word_1_304' title='bbox 1402 3151 1431 3202; x_wconf 83' lang='lat' dir='ltr'>n,</span> <span class='ocrx_word' id='word_1_305' title='bbox 1451 3119 1480 3206; x_wconf 88' lang='lat' dir='ltr'>p.</span> <span class='ocrx_word' id='word_1_306' title='bbox 1495 3124 1532 3188; x_wconf 79' lang='lat'>35</span> <span class='ocrx_word' id='word_1_307' title='bbox 1546 3132 1634 3188; x_wconf 87' lang='lat' dir='ltr'><strong>Meib.</strong></span> <span class='ocrx_word' id='word_1_308' title='bbox 1655 3128 1831 3206; x_wconf 73' lang='grc' dir='ltr'>ιΤιμύθεοςύ</span> 
     </span>
     <span class='ocr_line' id='line_1_51' title="bbox 1045 3215 1827 3298; baseline -0.003 -21"><span class='ocrx_word' id='word_1_309' title='bbox 1045 3217 1176 3288; x_wconf 77' lang='grc' dir='ltr'>Μιλήσιος</span> <span class='ocrx_word' id='word_1_310' title='bbox 1190 3216 1237 3288; x_wconf 72' lang='grc' dir='ltr'>τὴν</span> <span class='ocrx_word' id='word_1_311' title='bbox 1250 3216 1390 3288; x_wconf 80' lang='grc' dir='ltr'>ένδεκάτην</span> <span class='ocrx_word' id='word_1_312' title='bbox 1403 3215 1516 3296; x_wconf 66' lang='grc' dir='ltr'>[χορδὴν</span> <span class='ocrx_word' id='word_1_313' title='bbox 1526 3218 1662 3298; x_wconf 73' lang='grc' dir='ltr'>προσῆψε)</span> <span class='ocrx_word' id='word_1_314' title='bbox 1674 3217 1721 3277; x_wconf 84' lang='grc' dir='ltr'>καλ</span> <span class='ocrx_word' id='word_1_315' title='bbox 1736 3218 1827 3297; x_wconf 76' lang='grc' dir='ltr'>ἐφεξῆς</span> 
     </span>
     <span class='ocr_line' id='line_1_52' title="bbox 1047 3305 1831 3386; baseline 0.004 -23"><span class='ocrx_word' id='word_1_316' title='bbox 1047 3305 1139 3365; x_wconf 84' lang='grc' dir='ltr'>ἄλλοι·</span> <span class='ocrx_word' id='word_1_317' title='bbox 1161 3305 1241 3365; x_wconf 81' lang='grc' dir='ltr'>ἔπειτ’</span> <span class='ocrx_word' id='word_1_318' title='bbox 1265 3308 1300 3373; x_wconf 82' lang='grc' dir='ltr'>εἰς</span> <span class='ocrx_word' id='word_1_319' title='bbox 1320 3306 1548 3377; x_wconf 81' lang='grc' dir='ltr'>ὀκτωκαιδεκάτην</span> <span class='ocrx_word' id='word_1_320' title='bbox 1570 3307 1672 3385; x_wconf 72' lang='grc' dir='ltr'>ἀνήχθη</span> <span class='ocrx_word' id='word_1_321' title='bbox 1687 3306 1786 3386; x_wconf 77' lang='grc' dir='ltr'>χορδὴν</span> <span class='ocrx_word' id='word_1_322' title='bbox 1801 3309 1831 3367; x_wconf 75' lang='grc' dir='ltr'>τὸ</span> 
     </span>
     <span class='ocr_line' id='line_1_53' title="bbox 1045 3393 1830 3476; baseline 0 -24"><span class='ocrx_word' id='word_1_323' title='bbox 1045 3397 1143 3465; x_wconf 76' lang='grc' dir='ltr'>πλῆθος</span> <span class='ocrx_word' id='word_1_324' title='bbox 1157 3394 1219 3473; x_wconf 85' lang='grc' dir='ltr'>παρ’</span> <span class='ocrx_word' id='word_1_325' title='bbox 1243 3396 1343 3467; x_wconf 76' lang='grc' dir='ltr'>αὐτῶν,</span> <span class='ocrx_word' id='word_1_326' title='bbox 1362 3393 1452 3473; x_wconf 80' lang='grc' dir='ltr'>ὥσπερ</span> <span class='ocrx_word' id='word_1_327' title='bbox 1470 3394 1516 3452; x_wconf 84' lang='grc' dir='ltr'>καὶ</span> <span class='ocrx_word' id='word_1_328' title='bbox 1529 3396 1570 3457; x_wconf 86' lang='grc' dir='ltr'>Φ.</span> <span class='ocrx_word' id='word_1_329' title='bbox 1586 3394 1730 3472; x_wconf 81' lang='grc' dir='ltr'>δκωμικδς</span> <span class='ocrx_word' id='word_1_330' title='bbox 1749 3397 1777 3454; x_wconf 83' lang='grc' dir='ltr'>έν</span> <span class='ocrx_word' id='word_1_331' title='bbox 1792 3400 1830 3476; x_wconf 76' lang='grc' dir='ltr'>τῷ</span> 
     </span>
     <span class='ocr_line' id='line_1_54' title="bbox 1046 3481 1828 3565; baseline -0.001 -22"><span class='ocrx_word' id='word_1_332' title='bbox 1046 3482 1247 3565; x_wconf 73' lang='grc' dir='ltr'>ἐπιγραφομένῳ</span> <span class='ocrx_word' id='word_1_333' title='bbox 1274 3481 1388 3564; x_wconf 80' lang='grc' dir='ltr'>Χείρωνι</span> <span class='ocrx_word' id='word_1_334' title='bbox 1410 3481 1645 3563; x_wconf 80' lang='grc' dir='ltr'>καταμεμφόμενος</span> <span class='ocrx_word' id='word_1_335' title='bbox 1667 3484 1755 3542; x_wconf 75' lang='grc' dir='ltr'>αὐτῶν</span> <span class='ocrx_word' id='word_1_336' title='bbox 1782 3487 1828 3556; x_wconf 71' lang='grc' dir='ltr'>τῆς</span> 
     </span>
     <span class='ocr_line' id='line_1_55' title="bbox 1045 3570 1830 3653; baseline -0.003 -21"><span class='ocrx_word' id='word_1_337' title='bbox 1045 3571 1106 3651; x_wconf 81' lang='grc' dir='ltr'>πορλ</span> <span class='ocrx_word' id='word_1_338' title='bbox 1117 3570 1151 3631; x_wconf 74' lang='grc' dir='ltr'>τέ</span> <span class='ocrx_word' id='word_1_339' title='bbox 1163 3572 1231 3651; x_wconf 84' lang='grc' dir='ltr'>μέλη</span> <span class='ocrx_word' id='word_1_340' title='bbox 1242 3571 1407 3653; x_wconf 64' lang='grc' dir='ltr'>ῥᾳδιουργίας</span> <span class='ocrx_word' id='word_1_341' title='bbox 1417 3572 1545 3651; x_wconf 85' lang='grc' dir='ltr'>φαέναται.</span> <span class='ocrx_word' id='word_1_342' title='bbox 1557 3573 1733 3630; x_wconf 72' lang='lat' dir='ltr'><strong>Pherecratio</strong></span> <span class='ocrx_word' id='word_1_343' title='bbox 1746 3591 1830 3630; x_wconf 71' lang='lat' dir='ltr'><strong>versu</strong></span> 
     </span>
     <span class='ocr_line' id='line_1_56' title="bbox 1047 3657 1830 3741; baseline -0.003 -21"><span class='ocrx_word' id='word_1_344' title='bbox 1047 3671 1064 3732; x_wconf 74' lang='grc'>4</span> <span class='ocrx_word' id='word_1_345' title='bbox 1086 3675 1163 3720; x_wconf 89' lang='lat' dir='ltr'><strong>reete</strong></span> <span class='ocrx_word' id='word_1_346' title='bbox 1184 3664 1271 3721; x_wconf 85' lang='lat' dir='ltr'><strong>Mein.</strong></span> <span class='ocrx_word' id='word_1_347' title='bbox 1294 3662 1321 3720; x_wconf 82' lang='grc' dir='ltr'>έν</span> <span class='ocrx_word' id='word_1_348' title='bbox 1335 3669 1402 3719; x_wconf 88' lang='grc' dir='ltr'>τοῖσι</span> <span class='ocrx_word' id='word_1_349' title='bbox 1412 3662 1515 3739; x_wconf 83' lang='grc' dir='ltr'>πρῶτος</span> <span class='ocrx_word' id='word_1_350' title='bbox 1536 3681 1593 3738; x_wconf 90' lang='lat' dir='ltr'>pro</span> <span class='ocrx_word' id='word_1_351' title='bbox 1611 3664 1639 3721; x_wconf 88' lang='grc' dir='ltr'>έν</span> <span class='ocrx_word' id='word_1_352' title='bbox 1657 3683 1684 3719; x_wconf 89' lang='grc' dir='ltr'>τ.</span> <span class='ocrx_word' id='word_1_353' title='bbox 1708 3657 1830 3741; x_wconf 69' lang='grc' dir='ltr'>πρώτοις.</span> 
     </span>
     <span class='ocr_line' id='line_1_57' title="bbox 1046 3752 1830 3827; baseline -0.004 -16"><span class='ocrx_word' id='word_1_354' title='bbox 1046 3756 1080 3811; x_wconf 81' lang='lat' dir='ltr'>V·</span> <span class='ocrx_word' id='word_1_355' title='bbox 1100 3753 1179 3810; x_wconf 81' lang='lat' dir='ltr'><strong>Reiz.</strong></span> <span class='ocrx_word' id='word_1_356' title='bbox 1202 3754 1246 3809; x_wconf 89' lang='lat' dir='ltr'>De</span> <span class='ocrx_word' id='word_1_357' title='bbox 1266 3763 1398 3807; x_wconf 77' lang='lat' dir='ltr'><strong>accentus</strong></span> <span class='ocrx_word' id='word_1_358' title='bbox 1421 3752 1519 3808; x_wconf 80' lang='lat' dir='ltr'><strong>inclin.</strong></span> <span class='ocrx_word' id='word_1_359' title='bbox 1542 3770 1574 3827; x_wconf 90' lang='lat' dir='ltr'>p.</span> <span class='ocrx_word' id='word_1_360' title='bbox 1596 3769 1646 3807; x_wconf 85' lang='grc' dir='ltr'>αο.</span> <span class='ocrx_word' id='word_1_361' title='bbox 1667 3753 1788 3808; x_wconf 84' lang='lat' dir='ltr'><strong>Versum</strong></span> <span class='ocrx_word' id='word_1_362' title='bbox 1812 3754 1830 3808; x_wconf 88' lang='grc'>6</span> 
     </span>
     <span class='ocr_line' id='line_1_58' title="bbox 1045 3835 1830 3917; baseline 0.003 -21"><span class='ocrx_word' id='word_1_363' title='bbox 1045 3840 1235 3917; x_wconf 80' lang='lat' dir='ltr'><strong>probabiliter</strong></span> <span class='ocrx_word' id='word_1_364' title='bbox 1255 3841 1384 3915; x_wconf 82' lang='lat' dir='ltr'>explevi,</span> <span class='ocrx_word' id='word_1_365' title='bbox 1406 3841 1560 3897; x_wconf 84' lang='lat' dir='ltr'><strong>verborum</strong></span> <span class='ocrx_word' id='word_1_366' title='bbox 1574 3835 1676 3897; x_wconf 80' lang='grc' dir='ltr'>διίδεκα</span> <span class='ocrx_word' id='word_1_367' title='bbox 1696 3851 1727 3897; x_wconf 86' lang='lat' dir='ltr'>et</span> <span class='ocrx_word' id='word_1_368' title='bbox 1738 3837 1830 3898; x_wconf 79' lang='grc' dir='ltr'>ένδικα</span> 
     </span>
     <span class='ocr_line' id='line_1_59' title="bbox 1045 3928 1828 4039; baseline -0.001 -52"><span class='ocrx_word' id='word_1_369' title='bbox 1045 3929 1260 3987; x_wconf 88' lang='lat' dir='ltr'><strong>similitudinem</strong></span> <span class='ocrx_word' id='word_1_370' title='bbox 1281 3943 1379 3985; x_wconf 79' lang='lat' dir='ltr'><strong>nnsnm</strong></span> <span class='ocrx_word' id='word_1_371' title='bbox 1402 3930 1581 4039; x_wconf 80' lang='lat' dir='ltr'><strong>corruptioni</strong></span> <span class='ocrx_word' id='word_1_372' title='bbox 1606 3928 1717 3985; x_wconf 78' lang='lat' dir='ltr'><strong>dedisse</strong></span> <span class='ocrx_word' id='word_1_373' title='bbox 1740 3940 1828 3986; x_wconf 80' lang='lat' dir='ltr'><strong>retus.</strong></span> 
     </span>
    </p>
   </div>
   <div class='ocr_carea' id='block_1_12' title="bbox 983 4005 1830 4087">
    <p class='ocr_par' dir='ltr' id='par_1_12' title="bbox 983 4005 1830 4087">
     <span class='ocr_line' id='line_1_60' title="bbox 983 4005 1830 4087; baseline -0.002 -12"><span class='ocrx_word' id='word_1_374' title='bbox 983 4061 985 4065; x_wconf 22' lang='grc' dir='ltr'>ι</span> <span class='ocrx_word' id='word_1_375' title='bbox 1045 4019 1126 4075; x_wconf 85' lang='lat' dir='ltr'><strong>Libri</strong></span> <span class='ocrx_word' id='word_1_376' title='bbox 1134 4017 1193 4074; x_wconf 78' lang='grc' dir='ltr'>ἀλλ’</span> <span class='ocrx_word' id='word_1_377' title='bbox 1201 4005 1258 4087; x_wconf 70' lang='grc' dir='ltr'>οὖν,</span> <span class='ocrx_word' id='word_1_378' title='bbox 1268 4027 1335 4076; x_wconf 83' lang='lat' dir='ltr'><strong>utv.</strong></span> <span class='ocrx_word' id='word_1_379' title='bbox 1349 4034 1383 4087; x_wconf 89' lang='lat'>17</span> <span class='ocrx_word' id='word_1_380' title='bbox 1395 4016 1460 4074; x_wconf 82' lang='lat' dir='ltr'><strong>:hic</strong></span> <span class='ocrx_word' id='word_1_381' title='bbox 1471 4036 1516 4073; x_wconf 84' lang='grc' dir='ltr'>ουν</span> <span class='ocrx_word' id='word_1_382' title='bbox 1524 4016 1676 4072; x_wconf 87' lang='lat' dir='ltr'><strong>delendum</strong></span> <span class='ocrx_word' id='word_1_383' title='bbox 1686 4016 1830 4073; x_wconf 82' lang='lat' dir='ltr'><strong>fuitmetri</strong></span> 
     </span>
    </p>
   </div>
   <div class='ocr_carea' id='block_1_13' title="bbox 1046 4100 1846 4975">
    <p class='ocr_par' dir='ltr' id='par_1_13' title="bbox 1046 4100 1846 4975">
     <span class='ocr_line' id='line_1_61' title="bbox 1046 4100 1832 4182; baseline -0.003 -20"><span class='ocrx_word' id='word_1_384' title='bbox 1046 4108 1146 4182; x_wconf 78' lang='lat' dir='ltr'><strong>gratie,</strong></span> <span class='ocrx_word' id='word_1_385' title='bbox 1164 4100 1305 4181; x_wconf 72' lang='lat' dir='ltr'><strong>putetque</strong></span> <span class='ocrx_word' id='word_1_386' title='bbox 1321 4126 1351 4162; x_wconf 88' lang='grc' dir='ltr'>ου</span> <span class='ocrx_word' id='word_1_387' title='bbox 1366 4116 1467 4160; x_wconf 80' lang='lat' dir='ltr'><strong>nutum</strong></span> <span class='ocrx_word' id='word_1_388' title='bbox 1478 4122 1519 4161; x_wconf 75' lang='lat' dir='ltr'>en</span> <span class='ocrx_word' id='word_1_389' title='bbox 1529 4123 1565 4179; x_wconf 89' lang='grc' dir='ltr'>ομ</span> <span class='ocrx_word' id='word_1_390' title='bbox 1582 4104 1690 4163; x_wconf 80' lang='lat' dir='ltr'><strong>vicino.</strong></span> <span class='ocrx_word' id='word_1_391' title='bbox 1707 4107 1797 4160; x_wconf 82' lang='lat' dir='ltr'><strong>Versu</strong></span> <span class='ocrx_word' id='word_1_392' title='bbox 1814 4107 1832 4160; x_wconf 81' lang='lat' dir='ltr'><strong>t</strong></span> 
     </span>
     <span class='ocr_line' id='line_1_62' title="bbox 1046 4190 1833 4272; baseline -0.001 -23"><span class='ocrx_word' id='word_1_393' title='bbox 1046 4190 1098 4272; x_wconf 75' lang='grc' dir='ltr'>γὰρ</span> <span class='ocrx_word' id='word_1_394' title='bbox 1114 4212 1169 4269; x_wconf 91' lang='lat' dir='ltr'>pro</span> <span class='ocrx_word' id='word_1_395' title='bbox 1188 4190 1217 4250; x_wconf 80' lang='grc' dir='ltr'>δέ</span> <span class='ocrx_word' id='word_1_396' title='bbox 1230 4192 1353 4250; x_wconf 82' lang='lat' dir='ltr'><strong>Brunck.</strong></span> <span class='ocrx_word' id='word_1_397' title='bbox 1374 4190 1565 4270; x_wconf 83' lang='grc' dir='ltr'>Δακατάρατος</span> <span class='ocrx_word' id='word_1_398' title='bbox 1590 4191 1713 4249; x_wconf 77' lang='lat' dir='ltr'><strong>hleinek.</strong></span> <span class='ocrx_word' id='word_1_399' title='bbox 1727 4210 1833 4248; x_wconf 70' lang='grc' dir='ltr'>αοιιυτι-</span> 
     </span>
     <span class='ocr_line' id='line_1_63' title="bbox 1047 4277 1830 4359; baseline 0 -20"><span class='ocrx_word' id='word_1_400' title='bbox 1047 4283 1117 4339; x_wconf 90' lang='lat' dir='ltr'>dum</span> <span class='ocrx_word' id='word_1_401' title='bbox 1133 4284 1286 4354; x_wconf 83' lang='lat' dir='ltr'><strong>Photium,</strong></span> <span class='ocrx_word' id='word_1_402' title='bbox 1301 4277 1507 4358; x_wconf 84' lang='grc' dir='ltr'>Λακκατιίρατοι</span> <span class='ocrx_word' id='word_1_403' title='bbox 1525 4300 1532 4335; x_wconf 89' lang='lat'>:</span> <span class='ocrx_word' id='word_1_404' title='bbox 1548 4280 1572 4337; x_wconf 80' lang='lat' dir='ltr'>ol</span> <span class='ocrx_word' id='word_1_405' title='bbox 1588 4278 1657 4355; x_wconf 76' lang='grc' dir='ltr'>ἄγαν</span> <span class='ocrx_word' id='word_1_406' title='bbox 1672 4279 1830 4359; x_wconf 78' lang='grc' dir='ltr'>κατάρατοι.</span> 
     </span>
     <span class='ocr_line' id='line_1_64' title="bbox 1047 4366 1832 4444; baseline -0.003 -17"><span class='ocrx_word' id='word_1_407' title='bbox 1047 4369 1092 4428; x_wconf 84' lang='grc' dir='ltr'>καὶ</span> <span class='ocrx_word' id='word_1_408' title='bbox 1107 4366 1319 4444; x_wconf 87' lang='grc' dir='ltr'>λακκαταπύγων</span> <span class='ocrx_word' id='word_1_409' title='bbox 1337 4389 1343 4423; x_wconf 93' lang='lat'><strong>:</strong></span> <span class='ocrx_word' id='word_1_410' title='bbox 1360 4366 1455 4444; x_wconf 81' lang='grc' dir='ltr'>δάγαν</span> <span class='ocrx_word' id='word_1_411' title='bbox 1475 4366 1645 4444; x_wconf 82' lang='grc' dir='ltr'>καταπύγων.</span> <span class='ocrx_word' id='word_1_412' title='bbox 1663 4370 1697 4427; x_wconf 86' lang='lat' dir='ltr'>v.</span> <span class='ocrx_word' id='word_1_413' title='bbox 1714 4370 1832 4425; x_wconf 86' lang='lat' dir='ltr'><strong>Schnei-</strong></span> 
     </span>
     <span class='ocr_line' id='line_1_65' title="bbox 1049 4453 1832 4534; baseline -0.004 -18"><span class='ocrx_word' id='word_1_414' title='bbox 1049 4460 1108 4517; x_wconf 87' lang='lat' dir='ltr'><strong>der.</strong></span> <span class='ocrx_word' id='word_1_415' title='bbox 1119 4463 1188 4516; x_wconf 85' lang='lat' dir='ltr'><strong>Lex.</strong></span> <span class='ocrx_word' id='word_1_416' title='bbox 1200 4479 1229 4516; x_wconf 80' lang='grc' dir='ltr'>ν.</span> <span class='ocrx_word' id='word_1_417' title='bbox 1243 4456 1297 4518; x_wconf 84' lang='grc' dir='ltr'>Λά.</span> <span class='ocrx_word' id='word_1_418' title='bbox 1312 4458 1391 4514; x_wconf 87' lang='lat' dir='ltr'><strong>Libri</strong></span> <span class='ocrx_word' id='word_1_419' title='bbox 1405 4455 1433 4513; x_wconf 81' lang='grc' dir='ltr'>δέ</span> <span class='ocrx_word' id='word_1_420' title='bbox 1448 4454 1629 4534; x_wconf 85' lang='grc' dir='ltr'>ὁκατάρατος.</span> <span class='ocrx_word' id='word_1_421' title='bbox 1648 4480 1660 4508; x_wconf 89' lang='grc' dir='ltr'>ιι</span> <span class='ocrx_word' id='word_1_422' title='bbox 1673 4453 1832 4528; x_wconf 77' lang='grc' dir='ltr'>Ἀττικὸς,</span> 
     </span>
     <span class='ocr_line' id='line_1_66' title="bbox 1047 4544 1833 4623; baseline -0.003 -21"><span class='ocrx_word' id='word_1_423' title='bbox 1047 4567 1106 4602; x_wconf 92' lang='lat' dir='ltr'><strong>uon</strong></span> <span class='ocrx_word' id='word_1_424' title='bbox 1117 4549 1299 4623; x_wconf 80' lang='lat' dir='ltr'><strong>peregrinus,</strong></span> <span class='ocrx_word' id='word_1_425' title='bbox 1310 4556 1343 4601; x_wconf 89' lang='lat' dir='ltr'>ut</span> <span class='ocrx_word' id='word_1_426' title='bbox 1355 4546 1571 4621; x_wconf 74' lang='lat' dir='ltr'><strong>hleltmippides,</strong></span> <span class='ocrx_word' id='word_1_427' title='bbox 1584 4544 1720 4620; x_wconf 78' lang='lat' dir='ltr'><strong>Phryuis‚</strong></span> <span class='ocrx_word' id='word_1_428' title='bbox 1733 4547 1833 4601; x_wconf 88' lang='lat' dir='ltr'><strong>Timo·</strong></span> 
     </span>
     <span class='ocr_line' id='line_1_67' title="bbox 1049 4630 1831 4701; baseline -0.005 -9"><span class='ocrx_word' id='word_1_429' title='bbox 1049 4636 1137 4692; x_wconf 85' lang='lat' dir='ltr'><strong>theus.</strong></span> <span class='ocrx_word' id='word_1_430' title='bbox 1149 4660 1159 4684; x_wconf 74' lang='grc' dir='ltr'>ι</span> <span class='ocrx_word' id='word_1_431' title='bbox 1171 4637 1196 4689; x_wconf 82' lang='lat' dir='ltr'><em>E</em></span> <span class='ocrx_word' id='word_1_432' title='bbox 1203 4637 1246 4692; x_wconf 91' lang='lat' dir='ltr'>M.</span> <span class='ocrx_word' id='word_1_433' title='bbox 1255 4637 1287 4690; x_wconf 87' lang='lat' dir='ltr'>V.</span> <span class='ocrx_word' id='word_1_434' title='bbox 1296 4654 1330 4691; x_wconf 84' lang='lat'>12</span> <span class='ocrx_word' id='word_1_435' title='bbox 1340 4635 1408 4689; x_wconf 85' lang='lat' dir='ltr'><strong>libri</strong></span> <span class='ocrx_word' id='word_1_436' title='bbox 1418 4634 1553 4689; x_wconf 81' lang='lat' dir='ltr'><strong>mendose</strong></span> <span class='ocrx_word' id='word_1_437' title='bbox 1560 4633 1648 4701; x_wconf 77' lang='grc' dir='ltr'>αὐτοῦ.</span> <span class='ocrx_word' id='word_1_438' title='bbox 1655 4632 1729 4690; x_wconf 81' lang='lat' dir='ltr'><strong>Dedi</strong></span> <span class='ocrx_word' id='word_1_439' title='bbox 1736 4630 1831 4697; x_wconf 81' lang='grc' dir='ltr'>αὔτως.</span> 
     </span>
     <span class='ocr_line' id='line_1_68' title="bbox 1048 4721 1835 4797; baseline -0.003 -18"><span class='ocrx_word' id='word_1_440' title='bbox 1048 4725 1082 4779; x_wconf 82' lang='lat' dir='ltr'>V.</span> <span class='ocrx_word' id='word_1_441' title='bbox 1095 4723 1183 4787; x_wconf 54' lang='lat'>1344</span> <span class='ocrx_word' id='word_1_442' title='bbox 1198 4722 1288 4779; x_wconf 90' lang='lat' dir='ltr'><strong>miror</strong></span> <span class='ocrx_word' id='word_1_443' title='bbox 1304 4722 1371 4778; x_wconf 82' lang='lat' dir='ltr'><strong>tulin</strong></span> <span class='ocrx_word' id='word_1_444' title='bbox 1390 4721 1496 4777; x_wconf 82' lang='lat' dir='ltr'><strong>diutim</strong></span> <span class='ocrx_word' id='word_1_445' title='bbox 1510 4721 1587 4778; x_wconf 86' lang='lat' dir='ltr'><strong>ferri.</strong></span> <span class='ocrx_word' id='word_1_446' title='bbox 1605 4721 1722 4777; x_wconf 79' lang='lat' dir='ltr'><strong>llanmn</strong></span> <span class='ocrx_word' id='word_1_447' title='bbox 1740 4732 1835 4797; x_wconf 76' lang='lat' dir='ltr'><strong>poctae</strong></span> 
     </span>
     <span class='ocr_line' id='line_1_69' title="bbox 1047 4796 1846 4882; baseline -0.001 -16"><span class='ocrx_word' id='word_1_448' title='bbox 1047 4811 1121 4867; x_wconf 84' lang='lat' dir='ltr'><strong>hanc</strong></span> <span class='ocrx_word' id='word_1_449' title='bbox 1134 4829 1190 4866; x_wconf 74' lang='lat' dir='ltr'><strong>esse</strong></span> <span class='ocrx_word' id='word_1_450' title='bbox 1204 4810 1339 4882; x_wconf 80' lang='lat' dir='ltr'><strong>conjicias</strong></span> <span class='ocrx_word' id='word_1_451' title='bbox 1354 4826 1361 4867; x_wconf 91' lang='lat'><strong>:</strong></span> <span class='ocrx_word' id='word_1_452' title='bbox 1374 4806 1446 4865; x_wconf 81' lang='grc' dir='ltr'>ἀλλ’</span> <span class='ocrx_word' id='word_1_453' title='bbox 1459 4807 1517 4865; x_wconf 85' lang='grc' dir='ltr'>ούκ</span> <span class='ocrx_word' id='word_1_454' title='bbox 1530 4803 1671 4875; x_wconf 81' lang='grc' dir='ltr'>άνικτῶς</span> <span class='ocrx_word' id='word_1_455' title='bbox 1689 4796 1785 4875; x_wconf 67' lang='grc' dir='ltr'>οὗτος</span> <span class='ocrx_word' id='word_1_456' title='bbox 1797 4797 1846 4879; x_wconf 60' lang='grc' dir='ltr'>ἦν·</span> 
     </span>
     <span class='ocr_line' id='line_1_70' title="bbox 1048 4895 1845 4975; baseline -0.003 -20"><span class='ocrx_word' id='word_1_457' title='bbox 1048 4897 1132 4975; x_wconf 84' lang='grc' dir='ltr'>ὠμός</span> <span class='ocrx_word' id='word_1_458' title='bbox 1151 4899 1181 4973; x_wconf 82' lang='grc' dir='ltr'>γ’</span> <span class='ocrx_word' id='word_1_459' title='bbox 1193 4895 1292 4973; x_wconf 75' lang='grc' dir='ltr'>ὅμως.</span> <span class='ocrx_word' id='word_1_460' title='bbox 1305 4898 1402 4954; x_wconf 83' lang='lat' dir='ltr'><strong>Nimio</strong></span> <span class='ocrx_word' id='word_1_461' title='bbox 1418 4907 1524 4954; x_wconf 86' lang='lat' dir='ltr'><strong>conatu</strong></span> <span class='ocrx_word' id='word_1_462' title='bbox 1536 4895 1687 4973; x_wconf 78' lang='lat' dir='ltr'><strong>Fmpe&#39;rint</strong></span> <span class='ocrx_word' id='word_1_463' title='bbox 1708 4896 1781 4954; x_wconf 67' lang='lat' dir='ltr'><strong>Dis.</strong></span> <span class='ocrx_word' id='word_1_464' title='bbox 1797 4897 1845 4953; x_wconf 86' lang='lat' dir='ltr'>de¹</span> 
     </span>
    </p>
   </div>
   <div class='ocr_carea' id='block_1_14' title="bbox 236 5102 1002 5694">
    <p class='ocr_par' dir='ltr' id='par_1_14' title="bbox 236 5102 1002 5694">
     <span class='ocr_line' id='line_1_71' title="bbox 263 5102 680 5182; baseline -0.005 -24"><span class='ocrx_word' id='word_1_465' title='bbox 263 5150 267 5158; x_wconf 85' lang='lat'>.</span> <span class='ocrx_word' id='word_1_466' title='bbox 295 5172 299 5182; x_wconf 82' lang='lat'>.</span> <span class='ocrx_word' id='word_1_467' title='bbox 419 5142 421 5145; x_wconf 90' lang='lat'>-</span> <span class='ocrx_word' id='word_1_468' title='bbox 531 5102 680 5160; x_wconf 79' lang='lat' dir='ltr'><strong>ctttttott.</strong></span> 
     </span>
     <span class='ocr_line' id='line_1_72' title="bbox 604 5193 630 5243; baseline -0.038 0"><span class='ocrx_word' id='word_1_469' title='bbox 604 5193 630 5243; x_wconf 89' lang='grc'>1.</span> 
     </span>
     <span class='ocr_line' id='line_1_73' title="bbox 237 5271 853 5344; baseline 0.006 -17"><span class='ocrx_word' id='word_1_470' title='bbox 237 5339 242 5344; x_wconf 38' lang='grc'>,</span> <span class='ocrx_word' id='word_1_471' title='bbox 272 5271 368 5330; x_wconf 79' lang='lat' dir='ltr'><strong>nicom</strong></span> <span class='ocrx_word' id='word_1_472' title='bbox 381 5272 454 5331; x_wconf 85' lang='lat' dir='ltr'><strong>luud</strong></span> <span class='ocrx_word' id='word_1_473' title='bbox 466 5275 548 5331; x_wconf 76' lang='lat' dir='ltr'><strong>invita</strong></span> <span class='ocrx_word' id='word_1_474' title='bbox 560 5293 568 5330; x_wconf 75' lang='grc' dir='ltr'>ι</span> <span class='ocrx_word' id='word_1_475' title='bbox 582 5290 646 5332; x_wconf 82' lang='lat' dir='ltr'><strong>nam</strong></span> <span class='ocrx_word' id='word_1_476' title='bbox 659 5284 687 5332; x_wconf 91' lang='lat' dir='ltr'>et</span> <span class='ocrx_word' id='word_1_477' title='bbox 700 5274 749 5331; x_wconf 85' lang='lat' dir='ltr'><strong>tibi</strong></span> <span class='ocrx_word' id='word_1_478' title='bbox 758 5274 853 5331; x_wconf 79' lang='lat' dir='ltr'><strong>audire</strong></span> 
     </span>
     <span class='ocr_line' id='line_1_74' title="bbox 272 5361 783 5436; baseline 0.008 -19"><span class='ocrx_word' id='word_1_479' title='bbox 272 5369 299 5417; x_wconf 92' lang='lat' dir='ltr'>et</span> <span class='ocrx_word' id='word_1_480' title='bbox 312 5361 378 5418; x_wconf 90' lang='lat' dir='ltr'><strong>mihi</strong></span> <span class='ocrx_word' id='word_1_481' title='bbox 392 5362 484 5420; x_wconf 86' lang='lat' dir='ltr'><strong>dicere</strong></span> <span class='ocrx_word' id='word_1_482' title='bbox 495 5362 596 5436; x_wconf 78' lang='lat' dir='ltr'><strong>gaudet</strong></span> <span class='ocrx_word' id='word_1_483' title='bbox 606 5365 727 5421; x_wconf 81' lang='lat' dir='ltr'><strong>enimus.</strong></span> <span class='ocrx_word' id='word_1_484' title='bbox 778 5385 783 5394; x_wconf 90' lang='lat'><strong>·</strong></span> 
     </span>
     <span class='ocr_line' id='line_1_75' title="bbox 236 5450 1002 5525; baseline 0.01 -24"><span class='ocrx_word' id='word_1_485' title='bbox 236 5491 239 5500; x_wconf 93' lang='lat'>.</span> <span class='ocrx_word' id='word_1_486' title='bbox 274 5450 342 5506; x_wconf 83' lang='lat' dir='ltr'><strong>llihi</strong></span> <span class='ocrx_word' id='word_1_487' title='bbox 359 5451 442 5522; x_wconf 79' lang='lat' dir='ltr'><strong>igitur</strong></span> <span class='ocrx_word' id='word_1_488' title='bbox 455 5452 591 5509; x_wconf 84' lang='lat' dir='ltr'><strong>malorum</strong></span> <span class='ocrx_word' id='word_1_489' title='bbox 602 5452 711 5510; x_wconf 86' lang='lat' dir='ltr'><strong>initium</strong></span> <span class='ocrx_word' id='word_1_490' title='bbox 723 5451 787 5508; x_wconf 85' lang='lat' dir='ltr'><strong>iecit</strong></span> <span class='ocrx_word' id='word_1_491' title='bbox 796 5452 1002 5525; x_wconf 77' lang='lat' dir='ltr'><strong>hlelanippides,</strong></span> 
     </span>
     <span class='ocr_line' id='line_1_76' title="bbox 275 5537 896 5610; baseline 0.005 -18"><span class='ocrx_word' id='word_1_492' title='bbox 275 5537 373 5602; x_wconf 82' lang='lat' dir='ltr'><strong>horum</strong></span> <span class='ocrx_word' id='word_1_493' title='bbox 388 5538 503 5609; x_wconf 82' lang='lat' dir='ltr'><strong>primus,</strong></span> <span class='ocrx_word' id='word_1_494' title='bbox 517 5538 563 5610; x_wconf 91' lang='lat' dir='ltr'>qui</span> <span class='ocrx_word' id='word_1_495' title='bbox 575 5546 713 5610; x_wconf 80' lang='lat' dir='ltr'><strong>acceptum</strong></span> <span class='ocrx_word' id='word_1_496' title='bbox 725 5537 831 5594; x_wconf 88' lang='lat' dir='ltr'><strong>remisit</strong></span> <span class='ocrx_word' id='word_1_497' title='bbox 841 5554 896 5606; x_wconf 81' lang='lat' dir='ltr'>me,</span> 
     </span>
     <span class='ocr_line' id='line_1_77' title="bbox 238 5624 879 5694; baseline 0.005 -15"><span class='ocrx_word' id='word_1_498' title='bbox 238 5630 256 5679; x_wconf 73' lang='lat' dir='ltr'><strong>t·</strong></span> <span class='ocrx_word' id='word_1_499' title='bbox 275 5625 459 5682; x_wconf 85' lang='lat' dir='ltr'><strong>lloeeidiorem</strong></span> <span class='ocrx_word' id='word_1_500' title='bbox 474 5624 590 5683; x_wconf 86' lang='lat' dir='ltr'><strong>reddens</strong></span> <span class='ocrx_word' id='word_1_501' title='bbox 603 5625 711 5682; x_wconf 81' lang='lat' dir='ltr'><strong>chordis</strong></span> <span class='ocrx_word' id='word_1_502' title='bbox 721 5624 879 5694; x_wconf 82' lang='lat' dir='ltr'><strong>duodecim,</strong></span> 
     </span>
    </p>
   </div>
   <div class='ocr_carea' id='block_1_15' title="bbox 1052 5094 1845 5691">
    <p class='ocr_par' dir='ltr' id='par_1_15' title="bbox 1104 5094 1718 5169">
     <span class='ocr_line' id='line_1_78' title="bbox 1104 5094 1718 5169; baseline -0.002 -17"><span class='ocrx_word' id='word_1_503' title='bbox 1104 5097 1214 5153; x_wconf 83' lang='lat' dir='ltr'><strong>sinistro</strong></span> <span class='ocrx_word' id='word_1_504' title='bbox 1225 5094 1295 5151; x_wconf 83' lang='lat' dir='ltr'><strong>mole</strong></span> <span class='ocrx_word' id='word_1_505' title='bbox 1307 5096 1451 5153; x_wconf 82' lang='lat' dir='ltr'><strong>videantur</strong></span> <span class='ocrx_word' id='word_1_506' title='bbox 1464 5107 1527 5169; x_wconf 75' lang='lat' dir='ltr'><strong>qun</strong></span> <span class='ocrx_word' id='word_1_507' title='bbox 1540 5095 1633 5153; x_wconf 81' lang='lat' dir='ltr'><strong>dextra</strong></span> <span class='ocrx_word' id='word_1_508' title='bbox 1644 5102 1718 5151; x_wconf 82' lang='lat' dir='ltr'><strong>nint.</strong></span> 
     </span>
    </p>

    <p class='ocr_par' dir='ltr' id='par_1_16' title="bbox 1100 5181 1743 5247">
     <span class='ocr_line' id='line_1_79' title="bbox 1100 5181 1743 5247; baseline -0.005 -8"><span class='ocrx_word' id='word_1_509' title='bbox 1100 5186 1158 5239; x_wconf 85' lang='lat' dir='ltr'>Nee</span> <span class='ocrx_word' id='word_1_510' title='bbox 1170 5191 1260 5239; x_wconf 82' lang='lat' dir='ltr'><strong>tumen</strong></span> <span class='ocrx_word' id='word_1_511' title='bbox 1270 5181 1477 5238; x_wconf 82' lang='lat' dir='ltr'><strong>intolerabiliter</strong></span> <span class='ocrx_word' id='word_1_512' title='bbox 1489 5181 1534 5237; x_wconf 88' lang='lat' dir='ltr'>hic</span> <span class='ocrx_word' id='word_1_513' title='bbox 1548 5183 1576 5239; x_wconf 91' lang='lat' dir='ltr'>iu</span> <span class='ocrx_word' id='word_1_514' title='bbox 1587 5197 1631 5238; x_wconf 88' lang='lat' dir='ltr'>me</span> <span class='ocrx_word' id='word_1_515' title='bbox 1640 5182 1743 5247; x_wconf 74' lang='grc' dir='ltr'>εωνὶίις</span> 
     </span>
    </p>

    <p class='ocr_par' dir='ltr' id='par_1_17' title="bbox 1052 5265 1845 5427">
     <span class='ocr_line' id='line_1_80' title="bbox 1101 5265 1845 5341; baseline -0.001 -16"><span class='ocrx_word' id='word_1_516' title='bbox 1101 5270 1217 5341; x_wconf 84' lang='lat' dir='ltr'><strong>Phrynis</strong></span> <span class='ocrx_word' id='word_1_517' title='bbox 1227 5277 1329 5334; x_wconf 80' lang='lat' dir='ltr'><strong>eutem,</strong></span> <span class='ocrx_word' id='word_1_518' title='bbox 1340 5275 1448 5341; x_wconf 86' lang='lat' dir='ltr'><strong>proprio</strong></span> <span class='ocrx_word' id='word_1_519' title='bbox 1460 5268 1580 5340; x_wconf 81' lang='lat' dir='ltr'><strong>quodam</strong></span> <span class='ocrx_word' id='word_1_520' title='bbox 1594 5268 1696 5324; x_wconf 81' lang='lat' dir='ltr'><strong>vortice</strong></span> <span class='ocrx_word' id='word_1_521' title='bbox 1706 5267 1821 5339; x_wconf 78' lang='lat' dir='ltr'><strong>injecto,</strong></span> <span class='ocrx_word' id='word_1_522' title='bbox 1836 5265 1845 5298; x_wconf 74' lang='lat'>²</span> 
     </span>
     <span class='ocr_line' id='line_1_81' title="bbox 1052 5353 1727 5427; baseline -0.004 -15"><span class='ocrx_word' id='word_1_523' title='bbox 1052 5363 1084 5412; x_wconf 80' lang='lat'>15</span> <span class='ocrx_word' id='word_1_524' title='bbox 1103 5358 1215 5412; x_wconf 83' lang='lat' dir='ltr'><strong>lleetens</strong></span> <span class='ocrx_word' id='word_1_525' title='bbox 1228 5362 1386 5426; x_wconf 83' lang='lat' dir='ltr'><strong>vertensque</strong></span> <span class='ocrx_word' id='word_1_526' title='bbox 1396 5367 1441 5410; x_wconf 87' lang='lat' dir='ltr'>me</span> <span class='ocrx_word' id='word_1_527' title='bbox 1450 5362 1537 5411; x_wconf 79' lang='lat' dir='ltr'><strong>totam</strong></span> <span class='ocrx_word' id='word_1_528' title='bbox 1550 5353 1727 5427; x_wconf 81' lang='lat' dir='ltr'><strong>disperdidit,</strong></span> 
     </span>
    </p>

    <p class='ocr_par' dir='ltr' id='par_1_18' title="bbox 1102 5441 1820 5515">
     <span class='ocr_line' id='line_1_82' title="bbox 1102 5441 1820 5515; baseline -0.001 -15"><span class='ocrx_word' id='word_1_529' title='bbox 1102 5447 1205 5515; x_wconf 82' lang='lat' dir='ltr'><strong>septem</strong></span> <span class='ocrx_word' id='word_1_530' title='bbox 1216 5442 1326 5499; x_wconf 83' lang='lat' dir='ltr'><strong>chordis</strong></span> <span class='ocrx_word' id='word_1_531' title='bbox 1337 5441 1483 5500; x_wconf 88' lang='lat' dir='ltr'><strong>duodecim</strong></span> <span class='ocrx_word' id='word_1_532' title='bbox 1497 5443 1655 5500; x_wconf 77' lang='lat' dir='ltr'><strong>harmonius</strong></span> <span class='ocrx_word' id='word_1_533' title='bbox 1665 5442 1820 5501; x_wconf 83' lang='lat' dir='ltr'><strong>includens.</strong></span> 
     </span>
    </p>

    <p class='ocr_par' dir='ltr' id='par_1_19' title="bbox 1103 5525 1653 5587">
     <span class='ocr_line' id='line_1_83' title="bbox 1103 5525 1653 5587; baseline -0.002 0"><span class='ocrx_word' id='word_1_534' title='bbox 1103 5528 1288 5587; x_wconf 79' lang='lat' dir='ltr'><strong>Nihilominus</strong></span> <span class='ocrx_word' id='word_1_535' title='bbox 1298 5528 1380 5585; x_wconf 79' lang='lat' dir='ltr'><strong>etiam</strong></span> <span class='ocrx_word' id='word_1_536' title='bbox 1394 5525 1470 5585; x_wconf 85' lang='lat' dir='ltr'><strong>hune</strong></span> <span class='ocrx_word' id='word_1_537' title='bbox 1483 5530 1571 5587; x_wconf 85' lang='lat' dir='ltr'><strong>virum</strong></span> <span class='ocrx_word' id='word_1_538' title='bbox 1584 5529 1653 5587; x_wconf 88' lang='lat' dir='ltr'><strong>tuli:</strong></span> 
     </span>
    </p>

    <p class='ocr_par' dir='ltr' id='par_1_20' title="bbox 1103 5614 1794 5691">
     <span class='ocr_line' id='line_1_84' title="bbox 1103 5614 1794 5691; baseline 0.001 -18"><span class='ocrx_word' id='word_1_539' title='bbox 1103 5632 1167 5673; x_wconf 85' lang='grc' dir='ltr'>ιιιιιι</span> <span class='ocrx_word' id='word_1_540' title='bbox 1178 5616 1201 5673; x_wconf 84' lang='lat' dir='ltr'>si</span> <span class='ocrx_word' id='word_1_541' title='bbox 1214 5614 1281 5689; x_wconf 88' lang='lat' dir='ltr'><strong>quid</strong></span> <span class='ocrx_word' id='word_1_542' title='bbox 1295 5624 1466 5691; x_wconf 74' lang='lat' dir='ltr'><strong>pennum,</strong></span> <span class='ocrx_word' id='word_1_543' title='bbox 1479 5629 1575 5674; x_wconf 85' lang='lat' dir='ltr'><strong>rursus</strong></span> <span class='ocrx_word' id='word_1_544' title='bbox 1589 5615 1617 5674; x_wconf 91' lang='lat' dir='ltr'>id</span> <span class='ocrx_word' id='word_1_545' title='bbox 1632 5618 1794 5691; x_wconf 62' lang='lat' dir='ltr'><strong>teporalium</strong></span> 
     </span>
    </p>
   </div>
   <div class='ocr_carea' id='block_1_16' title="bbox 275 5704 1766 5785">
    <p class='ocr_par' dir='ltr' id='par_1_21' title="bbox 275 5704 1766 5785">
     <span class='ocr_line' id='line_1_85' title="bbox 275 5704 1766 5785; baseline -0.004 -18"><span class='ocrx_word' id='word_1_546' title='bbox 275 5716 373 5783; x_wconf 85' lang='lat' dir='ltr'><strong>(quum</strong></span> <span class='ocrx_word' id='word_1_547' title='bbox 381 5711 508 5769; x_wconf 89' lang='lat' dir='ltr'><strong>undecim</strong></span> <span class='ocrx_word' id='word_1_548' title='bbox 514 5717 622 5781; x_wconf 86' lang='lat' dir='ltr'><strong>essent)</strong></span> <span class='ocrx_word' id='word_1_549' title='bbox 635 5721 679 5769; x_wconf 83' lang='lat' dir='ltr'><strong>:at</strong></span> <span class='ocrx_word' id='word_1_550' title='bbox 689 5720 783 5768; x_wconf 81' lang='lat' dir='ltr'><strong>tomen</strong></span> <span class='ocrx_word' id='word_1_551' title='bbox 793 5711 955 5785; x_wconf 88' lang='lat' dir='ltr'><strong>hicquidem</strong></span> <span class='ocrx_word' id='word_1_552' title='bbox 964 5716 1004 5771; x_wconf 81' lang='lat' dir='ltr'>vir</span> <span class='ocrx_word' id='word_1_553' title='bbox 1104 5704 1153 5761; x_wconf 82' lang='lat' dir='ltr'>sed</span> <span class='ocrx_word' id='word_1_554' title='bbox 1166 5704 1342 5772; x_wconf 86' lang='lat' dir='ltr'><strong>Timotheus,</strong></span> <span class='ocrx_word' id='word_1_555' title='bbox 1358 5704 1459 5776; x_wconf 81' lang='lat' dir='ltr'><strong>optime</strong></span> <span class='ocrx_word' id='word_1_556' title='bbox 1469 5704 1574 5762; x_wconf 77' lang='lat' dir='ltr'><strong>femina</strong></span> <span class='ocrx_word' id='word_1_557' title='bbox 1585 5745 1592 5772; x_wconf 91' lang='lat'>,</span> <span class='ocrx_word' id='word_1_558' title='bbox 1603 5719 1648 5762; x_wconf 89' lang='lat' dir='ltr'>me</span> <span class='ocrx_word' id='word_1_559' title='bbox 1657 5706 1766 5779; x_wconf 86' lang='lat' dir='ltr'><strong>sepeliit</strong></span> 
     </span>
    </p>
   </div>
   <div class='ocr_carea' id='block_1_17' title="bbox 275 5796 1006 5953">
    <p class='ocr_par' dir='ltr' id='par_1_22' title="bbox 275 5796 1006 5953">
     <span class='ocr_line' id='line_1_86' title="bbox 275 5796 1006 5880; baseline 0.008 -29"><span class='ocrx_word' id='word_1_560' title='bbox 275 5796 405 5855; x_wconf 73' lang='lat' dir='ltr'><strong>serendus</strong></span> <span class='ocrx_word' id='word_1_561' title='bbox 422 5799 474 5855; x_wconf 81' lang='lat' dir='ltr'><strong>iuit</strong></span> <span class='ocrx_word' id='word_1_562' title='bbox 487 5797 574 5867; x_wconf 80' lang='lat' dir='ltr'><strong>inihi,</strong></span> <span class='ocrx_word' id='word_1_563' title='bbox 595 5806 770 5871; x_wconf 81' lang='lat' dir='ltr'><strong>comparatus</strong></span> <span class='ocrx_word' id='word_1_564' title='bbox 783 5815 847 5855; x_wconf 90' lang='lat' dir='ltr'>cum</span> <span class='ocrx_word' id='word_1_565' title='bbox 865 5803 1006 5880; x_wconf 63' lang='lat' dir='ltr'><strong>praesenti·</strong></span> 
     </span>
     <span class='ocr_line' id='line_1_87' title="bbox 837 5885 1004 5953; baseline 0.006 -12"><span class='ocrx_word' id='word_1_566' title='bbox 837 5885 906 5953; x_wconf 88' lang='lat' dir='ltr'><strong>[bus</strong></span> <span class='ocrx_word' id='word_1_567' title='bbox 918 5889 1004 5944; x_wconf 74' lang='lat' dir='ltr'><strong>malin</strong></span> 
     </span>
    </p>
   </div>
   <div class='ocr_carea' id='block_1_18' title="bbox 228 5954 878 6203">
    <p class='ocr_par' dir='ltr' id='par_1_23' title="bbox 228 5954 878 6203">
     <span class='ocr_line' id='line_1_88' title="bbox 275 5954 820 6023; baseline 0.011 -16"><span class='ocrx_word' id='word_1_568' title='bbox 275 5954 393 6010; x_wconf 86' lang='lat' dir='ltr'><strong>Cinesius</strong></span> <span class='ocrx_word' id='word_1_569' title='bbox 406 5956 478 6011; x_wconf 89' lang='lat' dir='ltr'><strong>enim</strong></span> <span class='ocrx_word' id='word_1_570' title='bbox 489 5955 680 6023; x_wconf 75' lang='lat' dir='ltr'><strong>exsecrabilis,</strong></span> <span class='ocrx_word' id='word_1_571' title='bbox 697 5958 820 6023; x_wconf 78' lang='lat' dir='ltr'><strong>Atticus,</strong></span> 
     </span>
     <span class='ocr_line' id='line_1_89' title="bbox 276 6040 878 6118; baseline 0.015 -26"><span class='ocrx_word' id='word_1_572' title='bbox 276 6040 440 6098; x_wconf 84' lang='lat' dir='ltr'><strong>immodulns</strong></span> <span class='ocrx_word' id='word_1_573' title='bbox 454 6042 555 6099; x_wconf 82' lang='lat' dir='ltr'><strong>inciens</strong></span> <span class='ocrx_word' id='word_1_574' title='bbox 568 6044 696 6100; x_wconf 85' lang='lat' dir='ltr'><strong>flexiones</strong></span> <span class='ocrx_word' id='word_1_575' title='bbox 709 6045 878 6118; x_wconf 71' lang='lat' dir='ltr'><strong>lustremus,</strong></span> 
     </span>
     <span class='ocr_line' id='line_1_90' title="bbox 228 6126 696 6203; baseline 0.009 -22"><span class='ocrx_word' id='word_1_576' title='bbox 228 6129 260 6181; x_wconf 85' lang='grc' dir='ltr'>ιο</span> <span class='ocrx_word' id='word_1_577' title='bbox 279 6126 397 6196; x_wconf 88' lang='lat' dir='ltr'><strong>perdidit</strong></span> <span class='ocrx_word' id='word_1_578' title='bbox 413 6144 458 6186; x_wconf 92' lang='lat' dir='ltr'>me</span> <span class='ocrx_word' id='word_1_579' title='bbox 468 6130 521 6199; x_wconf 78' lang='lat' dir='ltr'><strong>ita,</strong></span> <span class='ocrx_word' id='word_1_580' title='bbox 537 6137 571 6187; x_wconf 88' lang='lat' dir='ltr'>ut</span> <span class='ocrx_word' id='word_1_581' title='bbox 583 6145 696 6203; x_wconf 82' lang='lat' dir='ltr'><strong>poeseos</strong></span> 
     </span>
    </p>
   </div>
   <div class='ocr_carea' id='block_1_19' title="bbox 1052 5789 1835 6024">
    <p class='ocr_par' dir='ltr' id='par_1_24' title="bbox 1052 5789 1835 6024">
     <span class='ocr_line' id='line_1_91' title="bbox 1052 5789 1684 5865; baseline 0.006 -19"><span class='ocrx_word' id='word_1_582' title='bbox 1052 5797 1087 5847; x_wconf 69' lang='grc' dir='ltr'>ἰο</span> <span class='ocrx_word' id='word_1_583' title='bbox 1104 5791 1284 5863; x_wconf 83' lang='lat' dir='ltr'><strong>contrivitque</strong></span> <span class='ocrx_word' id='word_1_584' title='bbox 1296 5789 1454 5848; x_wconf 77' lang='lat' dir='ltr'><strong>tutissime.</strong></span> <span class='ocrx_word' id='word_1_585' title='bbox 1468 5796 1540 5849; x_wconf 80' lang='lat' dir='ltr'><strong>Just.</strong></span> <span class='ocrx_word' id='word_1_586' title='bbox 1557 5794 1626 5865; x_wconf 83' lang='lat' dir='ltr'><strong>Quis</strong></span> <span class='ocrx_word' id='word_1_587' title='bbox 1637 5794 1684 5850; x_wconf 90' lang='lat' dir='ltr'><strong>ille</strong></span> 
     </span>
     <span class='ocr_line' id='line_1_92' title="bbox 1104 5879 1762 5955; baseline 0 -20"><span class='ocrx_word' id='word_1_588' title='bbox 1104 5879 1284 5936; x_wconf 81' lang='lat' dir='ltr'><strong>Timotheus?</strong></span> <span class='ocrx_word' id='word_1_589' title='bbox 1295 5883 1367 5935; x_wconf 79' lang='lat' dir='ltr'><strong>Mur.</strong></span> <span class='ocrx_word' id='word_1_590' title='bbox 1382 5879 1507 5936; x_wconf 86' lang='lat' dir='ltr'><strong>llilesius</strong></span> <span class='ocrx_word' id='word_1_591' title='bbox 1518 5879 1632 5953; x_wconf 85' lang='lat' dir='ltr'><strong>quidun</strong></span> <span class='ocrx_word' id='word_1_592' title='bbox 1644 5882 1762 5955; x_wconf 79' lang='lat' dir='ltr'><strong>Pyrrias.</strong></span> 
     </span>
     <span class='ocr_line' id='line_1_93' title="bbox 1105 5957 1835 6024; baseline 0.005 -4"><span class='ocrx_word' id='word_1_593' title='bbox 1105 5970 1180 6021; x_wconf 71' lang='lat' dir='ltr'><strong>diist.</strong></span> <span class='ocrx_word' id='word_1_594' title='bbox 1195 5964 1311 6021; x_wconf 81' lang='lat' dir='ltr'><strong>ttulisne</strong></span> <span class='ocrx_word' id='word_1_595' title='bbox 1328 5961 1374 6019; x_wconf 86' lang='lat' dir='ltr'>hio</span> <span class='ocrx_word' id='word_1_596' title='bbox 1387 5964 1469 6020; x_wconf 80' lang='lat' dir='ltr'><strong>etiem</strong></span> <span class='ocrx_word' id='word_1_597' title='bbox 1486 5973 1514 6021; x_wconf 87' lang='lat' dir='ltr'>te</span> <span class='ocrx_word' id='word_1_598' title='bbox 1531 5957 1645 6022; x_wconf 79' lang='lat' dir='ltr'><strong>olfecit?</strong></span> <span class='ocrx_word' id='word_1_599' title='bbox 1667 5969 1740 6021; x_wconf 74' lang='lat' dir='ltr'>Mus.</span> <span class='ocrx_word' id='word_1_600' title='bbox 1760 5967 1835 6024; x_wconf 85' lang='lat' dir='ltr'><strong>Cun-</strong></span> 
     </span>
    </p>
   </div>
   <div class='ocr_carea' id='block_1_20' title="bbox 1107 6054 1834 6212">
    <p class='ocr_par' dir='ltr' id='par_1_25' title="bbox 1107 6054 1834 6212">
     <span class='ocr_line' id='line_1_94' title="bbox 1585 6054 1834 6127; baseline 0.012 -19"><span class='ocrx_word' id='word_1_601' title='bbox 1585 6054 1590 6127; x_wconf 85' lang='grc'>1</span> <span class='ocrx_word' id='word_1_602' title='bbox 1603 6062 1661 6109; x_wconf 84' lang='lat' dir='ltr'><strong>etos</strong></span> <span class='ocrx_word' id='word_1_603' title='bbox 1675 6070 1746 6126; x_wconf 87' lang='lat' dir='ltr'><strong>quos</strong></span> <span class='ocrx_word' id='word_1_604' title='bbox 1757 6057 1834 6120; x_wconf 85' lang='lat' dir='ltr'><strong>dico,</strong></span> 
     </span>
     <span class='ocr_line' id='line_1_95' title="bbox 1107 6140 1673 6212; baseline 0.005 -17"><span class='ocrx_word' id='word_1_605' title='bbox 1107 6142 1131 6195; x_wconf 89' lang='lat' dir='ltr'>is</span> <span class='ocrx_word' id='word_1_606' title='bbox 1146 6140 1281 6212; x_wconf 77' lang='lat' dir='ltr'><strong>supererit</strong></span> <span class='ocrx_word' id='word_1_607' title='bbox 1296 6140 1410 6197; x_wconf 79' lang='lat' dir='ltr'><strong>insolitis</strong></span> <span class='ocrx_word' id='word_1_608' title='bbox 1420 6140 1673 6208; x_wconf 77' lang='lat' dir='ltr'><strong>loruiieotiouihus3</strong></span> 
     </span>
    </p>
   </div>
   <div class='ocr_carea' id='block_1_21' title="bbox 278 6210 1792 6299">
    <p class='ocr_par' dir='ltr' id='par_1_26' title="bbox 278 6210 1792 6299">
     <span class='ocr_line' id='line_1_96' title="bbox 278 6210 1792 6299; baseline 0.013 -33"><span class='ocrx_word' id='word_1_609' title='bbox 278 6211 529 6286; x_wconf 73' lang='lat' dir='ltr'><strong>dilluramhorum,</strong></span> <span class='ocrx_word' id='word_1_610' title='bbox 547 6210 781 6289; x_wconf 80' lang='lat' dir='ltr'><strong>queutodmoduiu</strong></span> <span class='ocrx_word' id='word_1_611' title='bbox 805 6220 833 6276; x_wconf 93' lang='lat' dir='ltr'>in</span> <span class='ocrx_word' id='word_1_612' title='bbox 861 6222 1008 6278; x_wconf 89' lang='lat' dir='ltr'><strong>ordiuihus</strong></span> <span class='ocrx_word' id='word_1_613' title='bbox 1104 6235 1144 6286; x_wconf 82' lang='lat' dir='ltr'>et,</span> <span class='ocrx_word' id='word_1_614' title='bbox 1156 6227 1179 6282; x_wconf 88' lang='lat' dir='ltr'>si</span> <span class='ocrx_word' id='word_1_615' title='bbox 1190 6225 1300 6299; x_wconf 82' lang='lat' dir='ltr'><strong>quondo</strong></span> <span class='ocrx_word' id='word_1_616' title='bbox 1311 6226 1378 6282; x_wconf 89' lang='lat' dir='ltr'><strong>mihi</strong></span> <span class='ocrx_word' id='word_1_617' title='bbox 1388 6226 1539 6295; x_wconf 78' lang='lat' dir='ltr'><strong>ambulanti</strong></span> <span class='ocrx_word' id='word_1_618' title='bbox 1549 6228 1600 6283; x_wconf 84' lang='lat' dir='ltr'><strong>soli</strong></span> <span class='ocrx_word' id='word_1_619' title='bbox 1612 6230 1746 6296; x_wconf 82' lang='lat' dir='ltr'><strong>occurrit,</strong></span> <span class='ocrx_word' id='word_1_620' title='bbox 1788 6257 1792 6265; x_wconf 62' lang='lat'><strong><em>¹</em></strong></span> 
     </span>
    </p>
   </div>
   <div class='ocr_carea' id='block_1_22' title="bbox 810 6311 1007 6379">
    <p class='ocr_par' dir='ltr' id='par_1_27' title="bbox 810 6311 1007 6379">
     <span class='ocr_line' id='line_1_97' title="bbox 810 6311 1007 6379; baseline -0.025 -7"><span class='ocrx_word' id='word_1_621' title='bbox 810 6365 814 6372; x_wconf 86' lang='lat'>.</span> <span class='ocrx_word' id='word_1_622' title='bbox 856 6311 1007 6379; x_wconf 64' lang='lat' dir='ltr'><strong>[militum</strong></span> 
     </span>
    </p>
   </div>
   <div class='ocr_carea' id='block_1_23' title="bbox 1041 6313 1834 6387">
    <p class='ocr_par' dir='ltr' id='par_1_28' title="bbox 1041 6313 1834 6387">
     <span class='ocr_line' id='line_1_98' title="bbox 1041 6313 1834 6387; baseline -0.001 -15"><span class='ocrx_word' id='word_1_623' title='bbox 1041 6319 1088 6372; x_wconf 63' lang='grc' dir='ltr'>,λυ</span> <span class='ocrx_word' id='word_1_624' title='bbox 1108 6328 1151 6369; x_wconf 83' lang='lat' dir='ltr'>ute</span> <span class='ocrx_word' id='word_1_625' title='bbox 1166 6313 1263 6385; x_wconf 80' lang='lat' dir='ltr'><strong>uiergit</strong></span> <span class='ocrx_word' id='word_1_626' title='bbox 1277 6329 1429 6387; x_wconf 84' lang='lat' dir='ltr'><strong>rursusque</strong></span> <span class='ocrx_word' id='word_1_627' title='bbox 1439 6315 1542 6372; x_wconf 78' lang='lat' dir='ltr'><strong>extollit</strong></span> <span class='ocrx_word' id='word_1_628' title='bbox 1553 6315 1663 6373; x_wconf 86' lang='lat' dir='ltr'><strong>chordis</strong></span> <span class='ocrx_word' id='word_1_629' title='bbox 1679 6315 1834 6374; x_wconf 86' lang='lat' dir='ltr'><strong>duodecim.</strong></span> 
     </span>
    </p>
   </div>
   <div class='ocr_carea' id='block_1_24' title="bbox 0 0 2055 8004">
    <p class='ocr_par' dir='ltr' id='par_1_29' title="bbox 0 0 2055 8004">
     <span class='ocr_line' id='line_1_99' title="bbox 0 0 2055 8004; baseline 0 0"><span class='ocrx_word' id='word_1_630' title='bbox 0 0 2055 8004; x_wconf 95' lang='lat' dir='ltr'> </span> 
     </span>
    </p>
   </div>
  </div>
 </body>
</html>
