4084 8009
716 1471 853 1535 MEDlAE
873 1466 1079 1532 COMOEDIAE
1102 1462 1304 1538 tutloulm.

558 1609 650 1671 Lllll.

478 1757 728 1830 llloDORUS.

166 1975 171 1980 .
251 1927 352 1985 Suidas
372 1946 378 1981 ε
400 1921 543 2001 Διόδωρος,
565 1919 611 1979 καὶ
634 1917 712 1985 αὐτὸς
734 1913 850 1992 κωμικός
865 1911 944 1991 (quae
963 1930 998 1968 ex

210 2017 304 2074 indice
314 2016 501 2082 comicorum,
516 2011 593 2068 unde
602 2020 684 2087 prata
697 2025 748 2063 sua
758 2002 998 2080 irrigavit,·ducta

212 2123 271 2162 csse
287 2103 486 2159 animadvertit
499 2099 605 2157 Bernh.
619 2096 717 2154 Patria
735 2104 797 2150 erat
809 2089 996 2166 Sinopensis).

212 2192 265 2250 τῶν
280 2187 423 2268 δραμάτων
438 2187 517 2244 αὐτοῦ
529 2188 599 2244 έστιν
614 2179 766 2260 Αὐλητρὶς,
784 2180 819 2243 ῶς
831 2174 962 2246 Ἀθήναιος
971 2176 998 2232 ἐν

211 2280 249 2357 τῷ
262 2274 364 2356 δεκάτῳ
374 2277 426 2333 τῶν
437 2272 665 2352 Δειπνοσοριστῶν
677 2268 760 2346 λέγει.
773 2267 799 2325 ἐν
814 2263 842 2323 δέ
850 2266 888 2343 τῷ
903 2261 937 2321 ιδ’
948 2285 998 2343 ρη·

213 2364 271 2437 σίν,
286 2362 327 2422 dtr
342 2361 501 2440 Ἔπίκληρος
518 2358 564 2418 καλ
580 2353 792 2436 Πανηγυρισεαί.
811 2378 824 2405 ι
839 2349 999 2428 Ἐπίκληρος

211 2473 272 2510 non
286 2452 403 2530 quidem
416 2452 521 2508 Athen.
535 2448 613 2505 libro
629 2466 675 2523 ra,
687 2445 736 2503 sed
742 2431 821 2499 libro
833 2441 851 2498 6
866 2439 1000 2497 laudatur

138 2579 145 2589 =
211 2562 243 2620 p.
259 2541 334 2616 τδρ,
348 2543 381 2599 B.
399 2537 607 2615 Πανηγυριστῶν
622 2546 728 2604 εαιειι,
740 2551 798 2607 quo
808 2531 923 2586 nomine
937 2529 999 2584 Pla·

213 2631 287 2686 tonis
303 2628 348 2685 rel
367 2627 482 2685 Batonis
496 2624 591 2681 fabula
607 2623 768 2691 serebatur,
785 2617 863 2693 apud
877 2615 999 2673 cundem

212 2735 265 2774 nec
278 2716 344 2772 vola
356 2732 410 2770 nec
430 2713 589 2787 vestigium.
604 2706 715 2766 'Mediae
737 2708 832 2783 poetis
851 2700 999 2768 comoediae

213 2804 376 2862 Diodorum
396 2800 532 2876 assignavi
550 2808 673 2874 propter
691 2795 805 2851 titulum
819 2811 867 2868 ap.
882 2790 999 2850 Boecth.

213 2893 358 2967 Inscriptt.
375 2909 401 2960 1,
412 2908 442 2964 p.
457 2884 525 2958 354,
534 2887 585 2942 ubi
596 2885 733 2942 archonte
742 2882 879 2951 Diotimo‚
892 2879 999 2953 olymp.

217 2980 283 3051 106,
299 2979 315 3036 3
332 2977 414 3056 (ante
427 2978 494 3035 Chr.
509 2986 568 3034 nat.
583 2973 665 3044 353),
679 2968 809 3048 Νεκρδν
830 2980 858 3025 et
871 2965 999 3027 Μαινά-

215 3085 314 3141 μενον
341 3065 472 3122 docuisse
495 3064 619 3137 dicitur,
638 3061 775 3116 histrione
802 3076 870 3115 usus
892 3057 1001 3112 Aristo·

214 3153 328 3213 macho.
348 3176 361 3206 ν
379 3153 461 3210 ΕΜ.

479 3254 506 3314 l.
529 3251 733 3315 ΑΥΛΗΤΡΙΣ.

256 3406 360 3464 Αιίιεο.
378 3423 425 3474 ιο,
448 3422 479 3480 p.
494 3402 569 3472 431,
584 3404 606 3460 C
624 3419 631 3460 :
645 3397 774 3478 Διόδωρος
790 3398 812 3455 δ’
833 3400 848 3454 ὁ
867 3395 1002 3464 Σινωπεὺς

216 3494 243 3553 έν
257 3489 413 3572 Αὐλητρίδι,

266 3602 353 3676 univ
367 3604 493 3682 κυάθους
507 3601 578 3697 πίνῃ
593 3628 658 3687 τις,
675 3599 699 3667 ὦ
716 3600 849 3695 Κρίτων,
865 3591 951 3685 δέκα,

267 3710 313 3780 ἀεὶ
326 3708 396 3806 παρ’
411 3714 539 3778 ἐκοιστον
554 3702 719 3799 ἐνδελεχῶς
732 3708 770 3773 τὸ
783 3711 935 3799 ποτηριον,

265 3820 359 3887 πίνων
372 3844 404 3885 τι
417 3817 541 3898 λοιπὸν,
556 3818 622 3892 τοὺς
630 3814 790 3908 λογισμοὺς
799 3808 838 3887 δὴ
855 3807 962 3905 ’ξεμεῶ

266 3929 373 3995 Ταῦτα
387 3924 493 3993 σκόπει
509 3923 583 4016 πρὸς
598 3920 719 3989 σαυτόν.

218 4067 308 4123 Versu
322 4082 334 4121 1
348 4062 522 4120 modulatius
533 4060 623 4130 foret,

176 4237 179 4244 .
267 4172 353 4243 Επάν
365 4174 421 4269 πίγι
437 4173 561 4251 κυάθους
574 4199 639 4257 τις,
656 4167 759 4241 dele.

218 4304 254 4366 V.
269 4299 338 4358 adri
349 4301 497 4359 Dobraeus.
506 4300 587 4357 Libri
599 4298 622 4355 εἰ
633 4295 707 4375 παρ’.
722 4296 834 4353 Naelrius
843 4296 880 4354 ad
892 4296 1004 4354 Choeril.

219 4409 250 4467 p.
268 4396 334 4461 1711,
345 4390 367 4447 εί
377 4385 406 4445 τδ
417 4388 480 4466 παρ’
496 4384 536 4447 ἐκ.
552 4386 602 4446 ένδ.
612 4406 672 4444 ποτ.
685 4388 747 4462 Ego

269 4503 338 4598 παρ’
353 4509 478 4573 ἕκαστον
490 4498 656 4598 ἐνδελεχῶς
670 4502 717 4570 ἀεὶ
727 4503 762 4571 τδ
777 4529 849 4572 ποτ.

222 4640 255 4693 V.
279 4644 295 4704 l
310 4635 378 4691 libri
390 4632 472 4691 πίνειν
483 4631 514 4691 τδ
534 4629 586 4713 (sic
601 4634 659 4705 VL‚
675 4653 704 4690 τε
725 4631 788 4707 ΒΡ)
803 4629 913 4707 λοιπὸν,
928 4644 957 4688 et
977 4634 1006 4688 in

222 4722 278 4779 line
293 4720 408 4798 δέξαιμι,
426 4722 487 4782 VL.
509 4719 588 4792 ἐξείη.
603 4722 754 4797 Ingeniosc
777 4721 914 4776 Dobraeus
927 4720 1001 4776 Adv.

224 4829 253 4881 a,
264 4829 296 4884 p.
309 4809 375 4881 327,
388 4807 410 4867 δ’
426 4806 520 4885 ἐξεμεῖ.
536 4810 591 4867 Sed
601 4812 694 4866 verius
706 4811 796 4865 visum
808 4818 849 4866 est
863 4808 894 4877 δὴ
908 4805 1004 4884 'tepet

530 4980 700 5035 TlBlClNA.

224 5065 252 5120 Si
263 5063 374 5136 cyathos
387 5062 448 5136 quis
460 5063 551 5133 bibat,
561 5080 578 5120 o
588 5064 676 5132 Crito,
688 5063 795 5133 decem,

224 5152 259 5209 ad
273 5152 379 5223 singula
393 5151 488 5224 pocula
499 5153 634 5224 continuo
646 5167 754 5223 semper

224 5241 321 5297 bibens
337 5240 409 5314 quod
419 5247 511 5307 restet,
525 5246 647 5297 mentem
660 5238 779 5312 (lenique
794 5244 910 5296 evomet.

224 5331 314 5400 Quare
325 5326 428 5400 inspice
440 5333 469 5382 te
482 5325 583 5398 ipsum.

471 5458 571 5514 oum
589 5458 758 5513 nnnnnn.
801 5413 804 5417 ’

313 5606 348 5616 -
363 5574 431 5633 Volo
442 5582 534 5648 aperte
545 5573 704 5642 ostendere,

278 5662 463 5718 uenerandum
475 5660 527 5718 hoc
541 5676 597 5719 esse
609 5676 642 5718 ac
650 5660 738 5733 legale

279 5748 436 5816 inventum,
458 5755 486 5804 ct
503 5748 618 5805 deorum
639 5746 767 5821 quidem
792 5755 895 5805 ceteras
917 5758 1009 5806 autem

925 5837 1010 5903 [artes

278 5936 359 5977 nemo
373 5918 487 5978 deorum
501 5921 678 5991 monstravit,
692 5921 740 5979 sed
751 5921 799 5978 riri
812 5923 955 5996 sapientes.

244 6014 261 6064 ο
280 6005 503 6064 Parasitationem
513 6008 586 6064 enim
596 6008 699 6064 invenit
711 6008 836 6081 luppiter
846 6011 980 6078 amicalis,

280 6095 394 6153 deorum
407 6095 541 6153 maximus
550 6096 674 6153 omnium
687 6112 832 6155 consensu.

283 6182 335 6236 llic
347 6181 420 6236 enim
434 6179 529 6239 domos
540 6180 700 6254 ingreditur,

282 6282 337 6323 non
349 6265 518 6338 distinguens
528 6282 674 6341 pauperem
685 6267 809 6338 adicite,

1289 1594 1327 1653 11.
1347 1588 1580 1660 untttflrox.

1083 1763 1185 1820 Athen.
1201 1759 1230 1830 6,
1250 1778 1281 1834 p.
1299 1756 1366 1832 τδρ,
1386 1758 1409 1812 Β
1428 1775 1434 1810 :
1455 1751 1527 1812 Διάδ.
1549 1750 1577 1810 δέ
1599 1754 1614 1810 l
1643 1747 1783 1817 Σινωτειύς
1803 1751 1829 1809 ἐν

1044 1845 1200 1926 Ἐπικλήρῳ
1213 1843 1274 1926 περί
1285 1848 1332 1903 rot
1345 1848 1501 1920 παρασιτεῖν
1521 1838 1568 1898 καλ
1582 1837 1659 1905 αὐεδς
1676 1839 1727 1897 οὐκ
1743 1838 1828 1917 ἀγλα·

1043 1936 1129 2019 ρύρως
1141 1934 1204 1993 τάδε
1221 1930 1295 2013 φησί·

1140 2087 1189 2100 -
1204 2052 1359 2138 Βούλομαι
1371 2036 1468 2121 δεῖξαι
1483 2049 1601 2136 οαρῶς,

1116 2160 1156 2232 ῶς
1171 2153 1276 2245 σεμνάν
1294 2155 1358 2220 ἐστι
1372 2159 1461 2218 τοῦτο
1471 2147 1523 2216 καὶ
1534 2151 1746 2240 νενομισμένον

1120 2260 1245 2327 καὶτῶν
1261 2258 1334 2325 θεῶν
1351 2260 1482 2349 εὐρημα,
1495 2251 1550 2332 τάς
1566 2248 1595 2320 δ’
1612 2249 1713 2332 ἄλλας
1721 2256 1833 2345 τέχνας

1117 2358 1213 2443 οὐδεὶς
1232 2364 1305 2431 θεῶν
1316 2354 1500 2446 κατέδειξεν,
1518 2360 1589 2427 ἀλλ’
1608 2350 1712 2452 ἄνδρες
1732 2360 1831 2452 σοροί.

1071 2468 1091 2541 5
1117 2472 1163 2538 Τὸ
1180 2469 1237 2562 γὰρ
1249 2472 1428 2563 παρασιτεῖν
1439 2464 1517 2558 εὗρεν
1529 2470 1546 2531 d
1559 2464 1659 2541 Ζεύςύ
1672 2465 1786 2557 ρίλιος,

1118 2584 1207 2646 ἐτῶν
1224 2577 1297 2644 θεῶν
1314 2576 1457 2667 μέγιστος
1466 2574 1724 2665 ὁμολογουμένως·

1118 2684 1205 2762 οὗτος
1215 2681 1273 2777 γὰρ
1285 2680 1325 2759 είς
1336 2680 1392 2758 τὰς
1405 2679 1500 2757 οἰκίας
1515 2677 1701 2770 εἰσέρχεται,

1119 2788 1188 2880 οὐχί
1200 2782 1352 2882 διακρίνας
1365 2790 1421 2860 τὴν
1434 2782 1578 2878 πενιχράν
1594 2780 1613 2855 ἢ
1633 2780 1798 2869 πλουσίαν,

1118 2886 1195 2961 οὐδ’
1212 2887 1249 2959 ἀν
1264 2898 1365 2969 καλῶς
1380 2891 1565 2984 ἐστρωμένην
1579 2886 1683 2978 κλίνην
1697 2879 1770 2979 ἴδη,

1051 3019 1093 3069 10
1118 2999 1338 3093 παρακειμένην
1360 3021 1395 3062 τε
1417 2999 1473 3070 τλν
1503 2989 1654 3087 τράπεζαν
1678 2988 1785 3077 πάνθ’,
1813 2988 1833 3057 ἀ

1771 3091 1834 3185 δεῖ,

1119 3212 1260 3303 ἔχουσαν,
1276 3202 1336 3284 ἤδη
1346 3204 1539 3284 κατακλιθεὶς
1554 3205 1735 3298 εὐκοσμίας,

1121 3316 1278 3411 ἀριστίσας
1293 3317 1413 3403 ἑαυτὸν,
1429 3316 1590 3409 ἐντραγῶν,
1601 3318 1693 3397 πιὼν,

1121 3424 1262 3518 ἀπέρχει)
1279 3415 1380 3489 οἴκαδ’
1397 3426 1430 3489 οὐ
1438 3415 1619 3488 καταύαλῶν
1633 3405 1808 3510 συμύολοίς·

1121 3531 1207 3624 κάγὼ
1223 3538 1301 3596 ποιῶ
1314 3538 1363 3596 νῦν
1378 3532 1477 3595 τοῦτ’·
1494 3522 1570 3593 ἐπάν
1582 3522 1685 3601 κλίνας
1701 3515 1763 3590 ἴδω

1057 3632 1096 3705 ι5
1123 3638 1328 3729 ἐστρωμένας,
1344 3631 1464 3711 καὶτὰς
1479 3626 1631 3724 τραπέζας
1648 3634 1811 3723 εὐτρεπεῖς,

1121 3740 1174 3807 καὶ
1186 3744 1241 3814 τήν
1256 3740 1342 3832 θύραν
1354 3740 1557 3831 ἀνεῳγμένην,
1570 3735 1745 3832 εἰσέρχομαι

1122 3837 1226 3913 ἐνθάδε
1236 3856 1336 3939 σιωπῇ
1347 3895 1357 3932 ,
1369 3842 1421 3912 καὶ
1435 3845 1563 3920 ποιήσοις
1581 3845 1712 3914 εὐσταλῆ

1125 3951 1265 4043 ἐμαυτὸν,
1284 3955 1363 4018 ὥστε
1380 3953 1420 4042 μὴ
1439 3954 1570 4043 ’νοχλεῒν
1590 3948 1643 4014 τὸν
1661 3946 1835 4038 συμπότην.

1122 4055 1255 4124 Πάντων
1289 4057 1466 4132 ἀπολαύσας
1505 4063 1567 4120 τῶν
1591 4053 1836 4146 παρατεθέντων,

1740 4163 1836 4246 πιὼν,

1051 4288 1097 4333 ao
1123 4266 1272 4359 ἀπέρχομ’
1291 4261 1402 4353 οἴκαδ’,
1415 4270 1513 4358 ῶσπερ
1527 4266 1630 4345 ὀΖεύς
1645 4270 1661 4331 ὀ
1677 4265 1788 4357 ρι’λιος.

1124 4363 1182 4438 ὅτι
1204 4364 1234 4437 δ’
1254 4370 1289 4445 ἦν
1313 4374 1350 4439 τὸ
1369 4378 1483 4467 πρᾶγμ’
1503 4364 1622 4449 ἔνδοξον
1642 4371 1688 4439 ἀεὶ
1707 4372 1759 4437 καὶ
1785 4400 1837 4439 κα·

1767 4481 1835 4562 λὸν,

1126 4583 1235 4650 ἐκεῖθεν
1252 4578 1287 4648 ἀν
1299 4581 1383 4675 γνοίη
1400 4608 1447 4660 τις
1461 4584 1510 4649 ἐτι
1525 4585 1713 4677 σαφέστερον·

1125 4689 1177 4754 τὸν
1192 4683 1333 4780 Ηρακλέα
1347 4697 1469 4780 τιμῶσα
1481 4696 1628 4781 λαμπρῶς
1640 4695 1658 4761 ἡ
1676 4691 1766 4767 πόλις

1129 4798 1159 4860 ἐν
1173 4796 1269 4860 ἀπασι
1281 4803 1344 4872 τοῖς
1358 4788 1483 4886 δέμοισι
1498 4798 1657 4886 ποιουμένη
1671 4796 1738 4882 tin,

1108 4978 1173 5048 sed,
1189 4979 1236 5035 ubi
1247 4979 1337 5051 lepide
1351 4988 1466 5036 stratum
1477 4981 1617 5053 conspexit
1629 4980 1742 5048 lectum,

1057 5072 1090 5121 to
1109 5072 1137 5120 et
1152 5065 1301 5137 appositam
1316 5081 1448 5132 mensam,
1461 5066 1572 5136 omnia,
1587 5066 1690 5138 quibus
1702 5083 1775 5140 opus
1787 5078 1838 5135 est,

1108 5153 1308 5221 continentem,
1322 5153 1380 5225 jam
1391 5154 1556 5210 accumbens
1565 5153 1702 5221 decenter,

1109 5246 1254 5312 postquam
1265 5240 1396 5312 putavit,
1408 5241 1545 5309 comedit,
1556 5241 1639 5310 bibit,

1109 5324 1223 5381 domum
1233 5324 1290 5382 abit
1303 5341 1359 5381 non
1371 5324 1442 5382 datis
1453 5327 1592 5400 symbolis.

1109 5412 1167 5483 Ego
1180 5424 1288 5485 qnoque
1300 5411 1410 5468 nuncid
1419 5411 1489 5469 tucio
1504 5430 1511 5468 ε
1524 5413 1612 5471 sicubi
1624 5416 1708 5473 lectos
1719 5413 1800 5473 rideo

1057 5502 1090 5553 15
1108 5503 1219 5564 stratos,
1232 5504 1259 5553 ct
1271 5512 1378 5554 mensas
1391 5506 1509 5570 paratas,

1110 5590 1138 5639 et
1144 5582 1257 5654 januam
1270 5591 1406 5655 apertam,
1417 5583 1485 5641 illue
1494 5584 1633 5658 ingredior

1110 5669 1206 5737 silens,
1222 5684 1320 5742 meque
1333 5673 1510 5729 commodum
1519 5672 1633 5743 iaciens,

1111 5770 1145 5812 ne
1160 5755 1291 5814 molettus
1301 5757 1355 5813 sim
1369 5759 1499 5817 eonvivae.

1110 5841 1245 5898 Omnibus
1254 5843 1502 5918 qualibuscumque
1514 5846 1645 5919 appositis
1654 5848 1769 5905 satiatus

1058 5935 1093 5985 20
1111 5929 1224 5987 domum
1236 5930 1314 5999 abeo,
1328 5939 1359 5988 ut
1371 5934 1635 6006 Juppiteramiealis.

1110 6018 1180 6072 ilem
1193 6024 1284 6073 autem
1293 6033 1401 6091 semper
1407 6019 1550 6077 honestum
1563 6037 1594 6078 ac
1606 6021 1733 6081 decoram
1744 6022 1839 6095 luisse,

1112 6101 1175 6158 inde
1186 6102 1268 6160 etiam
1281 6103 1381 6182 clarius
1392 6105 1535 6178 intelligas.

1112 6188 1257 6247 Herculem
1271 6191 1411 6263 splendide
1425 6194 1562 6252 honorans
1579 6196 1672 6255 civius

1111 6278 1140 6332 in
1154 6277 1282 6336 omnibus
1294 6280 1369 6352 pagis
1383 6282 1407 6338 ei
1421 6282 1573 6350 sacrificem
