4084 8009
841 1473 1044 1535 emrtuos.
1711 1487 1749 1535 so

312 1667 314 1671 ,
508 1627 552 1682 ²9·

176 1723 336 1779 Eustathius
350 1721 387 1777 ad
408 1724 492 1779 llom.
515 1737 545 1794 p.
567 1720 652 1788 1430,
671 1726 706 1783 14
728 1736 735 1775 :
754 1715 797 1774 ότε
813 1715 839 1774 δὲ
855 1716 921 1793 μέγα

135 1819 216 1889 φᾶρος
231 1809 292 1888 εἴπῃ
309 1810 403 1885 (1111111.
427 1810 457 1888 8,
477 1811 566 1885 220),
588 1807 661 1885 noph
687 1804 831 1883 παροιμίαν
854 1807 924 1861 ποιεῖ

135 1897 182 1967 τὴν
203 1897 331 1973 λέγουσαν
354 1894 412 1954 inl
435 1898 552 1974 χεῖρας
572 1894 696 1973 φέρειν,
721 1893 799 1969 ἤγουν
824 1891 923 1957 ἔνδοξον

136 1976 215 2056 εἶναι,
230 1987 265 2051 ὡς
279 1983 322 2042 tat
337 1986 388 2058 (sic
401 1986 479 2060 lege3
493 1985 558 2039 libri
573 1982 640 2058 ἀπὸ)
659 1985 710 2039 τῶν
726 1980 829 2059 μεγάλα
844 1980 922 2055 φασίν

135 2073 228 2149 ἱμάτια
244 2072 355 2150 ἐχόντων
364 2114 372 2143 ,
388 2074 423 2137 ὡς
438 2073 548 2150 (malim
562 2067 648 2144 ὥστε)
664 2068 769 2146 μείζονα
791 2059 857 2126 εἶναι
875 2065 923 2137 τὴν

135 2159 272 2230 έπιόολήν.
290 2162 341 2237 Κρ.

184 2278 384 2368 Εὐπρόσωπος
406 2271 486 2357 ἧσθ’,
511 2273 658 2365 ὀνόματος
682 2263 768 2337 οὐδὲν
790 2269 840 2336 ἐπὶ
858 2276 924 2359 χεῖ-

748 2405 797 2472 ρας
813 2380 919 2471 φέρων.

136 2511 214 2588 ἤγουν
229 2514 258 2569 οὐ
267 2511 337 2591 μέγα
351 2511 419 2590 ἔχων
434 2508 536 2586 ὄνομα,
552 2504 611 2565 οὗδί
625 2506 777 2587 φαινόμενος
789 2504 857 2566 κατά
866 2504 924 2572 τοὺς

135 2599 205 2657 οὕτω
221 2599 426 2679 μεγαλοείμονας
441 2601 475 2664 ὡς
487 2597 532 2655 καὶ
545 2596 588 2655 ἐπὶ
600 2598 696 2675 χειρῶν
708 2594 793 2675 φέρειν
804 2594 850 2661 τάς
861 2593 923 2675 ᾤας.

135 2688 282 2765 Ὀνόματος
309 2687 381 2746 οὐδέν
403 2691 477 2745 ναίει
502 2685 576 2745 οάδίν
597 2686 695 2762 ὄνομα,
718 2688 837 2744 docente
862 2688 924 2761 ipso

134 2779 294 2850 Eustatlrio‚
311 2798 364 2835 nec
380 2778 512 2835 serendus
524 2776 642 2834 Grotius
660 2779 793 2851 Excerpt.
809 2795 839 2851 p.
856 2773 924 2849 495,

134 2880 259 2937 vertens,

176 2959 297 3011 Nomine
310 2975 339 3010 es
353 2961 506 3030 speciosus;
524 2958 604 3026 utqui
613 2951 691 3007 nihil
702 2963 757 3018 est,
771 2952 845 3024 quod
853 2969 921 3004 ma-

678 3043 681 3045 ’
745 3036 922 3108 nibusferas,

507 3155 556 3214 3ο.

177 3266 258 3323 ldem
275 3267 316 3325 ib.
338 3286 369 3342 p.
395 3267 486 3336 1446,
503 3284 541 3340 29
565 3284 572 3321 ι
598 3260 721 3341 ἡὼρίμη
736 3258 826 3336 κριθὴ,
848 3258 925 3333 ἠκαί

137 3351 371 3431 ἀμφίκαυστις
394 3350 467 3431 παρὰ
488 3350 572 3431 Αἰλίῳ
595 3348 737 3428 Διονυσίῳ),
757 3348 870 3425 κωμικοί
896 3348 923 3407 δέ

135 3439 180 3497 καὶ
188 3438 231 3497 ἐπὶ
240 3439 387 3518 γυναικείου
396 3439 488 3519 μορίου
501 3437 580 3518 φασί·
592 3441 643 3516 Κρ.
654 3436 680 3494 δέ
691 3436 738 3507 τὴν
749 3435 829 3515 ὀσφὺν
844 3437 925 3512 (pro-

134 3530 269 3587 babiliter
286 3532 373 3587 Mein.
394 3529 495 3597 πόσθην
513 3549 520 3584 :
536 3547 564 3586 v.
581 3528 672 3585 schol.
689 3528 836 3602 Aristoph.
858 3529 923 3585 Pac.

121 3615 307 3695 ’9651οότως
327 3616 387 3695 ἔφη.
411 3618 533 3692 Hesych.
550 3617 689 3680 Καῦστιςε
706 3618 723 3685 ἡ
747 3612 851 3693 ἔκφυσις
872 3617 924 3672 τῶν

136 3703 270 3783 σταχύων,
283 3705 361 3784 πυροὶ
377 3704 560 3782 ἅδρυνόμενοι,
575 3702 621 3760 καὶ
642 3702 747 3783 χόρτος.
767 3702 797 3760 τό
816 3702 842 3761 δέ
861 3702 925 3760 αὐτὸ

136 3790 182 3850 καί
201 3792 432 3872 ἀμφίκαυστις,
448 3791 493 3849 καί
511 3789 649 3866 ἐπώνυμον
663 3790 814 3869 Δήμητρος.
830 3792 883 3870 Κρ.
897 3789 924 3847 δέ

137 3880 181 3938 ἐπὶ
194 3885 239 3939 τοῦ
252 3880 342 3960 μορίου
357 3879 445 3948 ἔταξεν
463 3879 538 3940 αάτό.
556 3882 631 3937 Hinc
644 3880 748 3959 κριθὼν,
762 3879 845 3936 honio
861 3881 925 3935 libi-

137 3975 267 4040 dinoms,
283 3972 360 4048 apud
373 3972 543 4047 Hesychium
557 3971 587 4026 h.
604 3990 632 4027 v.

506 4084 554 4142 31.

177 4200 257 4256 ldem
284 4199 323 4258 ib.
346 4218 376 4273 p.
406 4203 498 4272 1479,
526 4197 562 4263 43
586 4214 593 4254 :
615 4193 769 4273 illinemus,
789 4191 857 4253 καθά
880 4194 926 4252 καί

139 4286 323 4367 ἀλεκτρυόνος,
339 4285 384 4345 καί
398 4284 461 4366 παρ’
476 4284 564 4352 ἄλλοις
577 4283 624 4362 μὲν
640 4284 745 4350 πολλοῖς
761 4286 868 4362 χρῆσις,
880 4282 925 4342 καί

139 4373 211 4454 παρά
228 4373 348 4454 Κρατίνῳ
359 4373 387 4433 δέ
399 4396 478 4454 φασιν
488 4370 514 4431 έν
527 4376 565 4453 τῷ

188 4484 354 4566 Κοκκόζειν
373 4490 426 4553 τὸν
446 4487 618 4581 ἀλεκτρυόν’
642 4491 695 4552 οὐκ
714 4488 891 4579 ἀνέχονται.

138 4616 219 4694 ἤγουν
227 4614 306 4695 ᾅδειν,
315 4617 350 4681 ὡς
361 4615 430 4693 αὐτῷ
440 4613 504 4681 έθος.
519 4616 695 4690 Phrynichus
703 4615 821 4671 bekker.
835 4636 866 4691 p.
878 4635 924 4687 11,

139 4715 197 4774 141
215 4702 284 4785 ᾅδειν
305 4702 473 4782 ἀλεκτρυόνος
488 4705 588 4779 (vulgo
602 4706 721 4773 ἀ-νας,
742 4705 928 4778 quodminus

137 4793 249 4871 placet)
280 4794 402 4858 ἀττικῶς·
430 4790 460 4849 τὸ
483 4790 510 4848 δὲ
534 4791 714 4858 κοκκόζειν
740 4789 852 4865 κωμικοί
874 4789 926 4847 λέ-

138 4905 238 4959 γουσιν.

508 4992 557 5049 31.

180 5107 258 5163 ldem
280 5086 364 5181 inp.
388 5107 474 5176 1484,
496 5105 558 5160 28:
580 5102 813 5181 αἰγυπτιόζειν
829 5102 858 5160 τό
873 5126 926 5160 πα-

138 5200 254 5272 νουργεῖν
268 5191 321 5249 καί
339 5189 594 5270 κακοτροπεόεσθαι,
613 5193 648 5257 ὡς
665 5189 824 5266 όκωμικός,
848 5189 924 5269 φασὶ,

141 5284 192 5357 Κρ.
210 5281 293 5351 δηλοῖ.

510 5393 556 5449 33.

968 1610 1069 1676 Miror,
1086 1607 1210 1662 editores
1230 1608 1372 1681 patienter
1393 1608 1489 1663 tulisse
1512 1604 1541 1663 τὸ
1560 1604 1753 1686 κωμικῶτερον,

969 1716 1058 1769 quum
1073 1696 1109 1750 sit
1127 1697 1332 1768 ineptissimum
1351 1708 1379 1751 et
1397 1696 1547 1751 manifesto
1569 1697 1750 1755 mendostun.

968 1784 1131 1839 Scribamus
1155 1781 1200 1838 καὶ
1221 1782 1412 1861 μιμικώτερον,
1435 1796 1464 1840 et
1484 1788 1662 1843 lasciviorem.
1683 1788 1755 1843 Ovi·

969 1872 1034 1927 dius
1045 1873 1128 1929 Trist.
1145 1890 1174 1941 a,
1192 1869 1248 1926 515
1267 1892 1274 1927 z

1009 1978 1141 2033 Scribere
1153 1979 1176 2032 si
1190 1979 1231 2034 ias
1243 1990 1284 2034 est
1297 1980 1437 2035 imitantes
1450 1982 1545 2055 turpia
1555 1982 1666 2038 mimos.

1339 2092 1386 2158 34.

1009 2201 1089 2257 ldem
1102 2200 1142 2257 ib.
1162 2221 1191 2277 p.
1206 2202 1294 2277 1669,
1312 2202 1411 2277 46(σ1.
1430 2224 1460 2280 p.
1478 2205 1609 2279 777,61,
1628 2217 1656 2260 et
1672 2206 1756 2276 1761,

970 2308 1004 2344 21
1017 2290 1026 2365 l
1039 2308 1046 2348 ε
1059 2288 1103 2346 τόν
1114 2287 1201 2367 μωρόν
1212 2287 1320 2366 οἴδαμεν
1332 2290 1459 2348 σόνναν
1473 2289 1627 2367 καλεῖσθαι,
1644 2294 1679 2358 ὡς
1704 2292 1756 2349 ἀπό

969 2398 1036 2443 τινος
1050 2378 1139 2456 κυρίου
1156 2377 1298 2453 ὀνόματος,
1318 2377 1364 2436 καί
1385 2378 1533 2461 παράγεται
1554 2384 1606 2459 Κρ.
1622 2382 1756 2460 κωμῳδῶν

969 2471 1083 2524 τοιοῦτον
1127 2466 1172 2525 τόν
1207 2468 1418 2540 Θεοδοτίδην
1455 2468 1594 2530 σόνναν.
1641 2472 1758 2528 Photius

968 2576 998 2631 p.
1024 2565 1157 2632 499,11,
1178 2556 1310 2615 Σοίνναν
1325 2576 1333 2616 t
1346 2556 1389 2615 τόν
1404 2555 1503 2637 μωρόν.
1515 2555 1597 2624 οὕτως
1610 2561 1661 2637 Κρ.

1337 2668 1385 2729 35.

1011 2780 1093 2838 Idem
1107 2779 1149 2838 ib.
1170 2798 1200 2853 p.
1221 2780 1308 2850 1761,
1326 2780 1376 2850 28,
1391 2800 1426 2836 ex
1440 2783 1629 2856 Aristophane
1648 2756 1757 2856 Byzanss
1777 2839 1779 2842 .

972 2869 1033 2923 tino
1049 2885 1057 2925 τ
1072 2865 1143 2944 λέγει
1165 2866 1333 2944 (significat)
1350 2866 1377 2923 δέ
1393 2866 1438 2923 καί
1452 2867 1570 2935 λαπίζειν
1584 2892 1621 2925 πα
1641 2868 1758 2948 ἀΣοφο·

971 2953 1030 3011 κλεῖ
1040 2953 1069 3011 τὸ
1081 2952 1206 3032 συρίζειν,
1218 2953 1262 3011 καὶ
1278 2951 1380 3032 βαυόᾶν
1390 2953 1420 3011 τό
1430 2960 1572 3031 κοιμᾶσθαι
1583 2998 1592 3026 ,
1605 2892 1657 3014 ollae

1051 3063 1086 3125 ‘ll
1103 3065 1130 3123 δέ
1145 3065 1322 3145 προύκαλεῖτό
1337 3090 1369 3143 με

1012 3152 1116 3233 βαυόᾶν
1130 3151 1188 3229 μετ’
1201 3153 1292 3225 αὐτῆς.

970 3266 1039 3339 ὅθεν,
1054 3266 1135 3346 φησὶ,
1151 3266 1196 3324 καί
1207 3266 1280 3344 παρὰ
1294 3264 1417 3346 Κρατίνῳ
1429 3266 1459 3324 τό

1019 3385 1115 3479 Λόγος
1128 3410 1175 3462 τις
1187 3385 1297 3458 ἀπῆλθ’
1312 3388 1330 3457 ἠ
1335 3389 1393 3475 μοῖς
1409 3384 1525 3476 ἀμαθὴς
1540 3380 1754 3465 ωνοόαόόαλος.

970 3516 1016 3572 Sic
1032 3527 1109 3571 recte
1128 3516 1215 3571 Mein.
1232 3533 1287 3589 pro
1309 3509 1483 3577 συόαόόαλος.
1503 3515 1625 3586 Hesych.
1640 3510 1758 3572 Συοόαό·

971 3600 1049 3659 όαλοι
1066 3604 1157 3659 εσυῶν
1177 3598 1344 3678 αὐλιστήρια.
1364 3601 1482 3657 Photius
1498 3619 1528 3674 p.
1543 3598 1613 3672 557,
1637 3602 1665 3675 3,
1689 3602 1758 3659 Συο-

971 3687 1101 3748 όαόόαλοι
1126 3712 1132 3746 :
1155 3691 1181 3747 έν
1208 3678 1244 3754 οἷς
1267 3690 1291 3747 ol
1312 3687 1370 3756 σύες
1384 3686 1543 3756 εὐνάζονται.
1562 3692 1661 3751 «crat,
1681 3689 1758 3767 λόγον

972 3775 1154 3837 συοόαύόαλον
1191 3778 1305 3834 videtur
1335 3777 1435 3833 dixisse
1463 3796 1577 3834 carmen
1604 3779 1757 3849 incultum,

970 3869 1068 3941 qualia
1082 3869 1267 3923 subulcorum
1276 3877 1355 3937 sunt,
1370 3866 1473 3938 quibus
1486 3885 1549 3921 sues
1559 3866 1721 3922 demulcent
1730 3879 1758 3922 et

972 3959 1152 4033 consopiunt.
1170 3951 1312 4015 Συόωτικά
1334 3954 1401 4030 μέλη
1416 3956 1486 4011 dicit
1506 3956 1609 4014 Pollux
1628 3962 1657 4023 4,
1680 3954 1727 4014 56.
1742 3981 1755 4005 1

971 4047 997 4100 Ε
1008 4048 1053 4104 M.
1070 4047 1261 4101 Restituamus
1271 4063 1379 4100 versum
1394 4045 1543 4100 heroicum
1556 4041 1697 4121 ἀκέφαλον,

1005 4159 1150 4252 -Λόγος
1158 4185 1203 4235 τις
1211 4158 1320 4231 batilli
1331 4154 1656 4250 ἀμαθήςσυοόαόόαλος
1663 4166 1681 4232 ri
1687 4166 1755 4251 μοῖς.

1343 4287 1392 4344 36.

1012 4411 1168 4476 Εαοωῑοῑίυσ
1180 4410 1216 4466 ad
1227 4411 1344 4467 Aristot.
1358 4410 1424 4469 Eth.
1441 4412 1552 4470 Nicom.
1564 4430 1595 4485 p.
1610 4412 1660 4481 65,
1673 4414 1706 4481 Β,
1723 4413 1759 4468 de

972 4508 1109 4580 Margite,
1129 4516 1282 4578 poemate:
1299 4500 1367 4561 ἀλλά
1380 4501 1427 4561 ’καί
1442 4500 1610 4582 Ἀρχίλσγος,
1631 4503 1675 4561 καί
1693 4507 1758 4583 hp..

974 4591 1019 4649 καὶ
1048 4591 1222 4669 Καλλίμαχος
1245 4591 1271 4647 ἐν
1299 4598 1353 4657 τοῖς
1376 4589 1562 4671 ἐπιγράμμασι
1583 4599 1759 4672 μαρτυροῦσιν

973 4677 1095 4757 Ὁμήρου
1105 4667 1171 4734 εἶναι
1183 4678 1212 4735 τὸ
1224 4677 1339 4753 ποίημα.
1356 4706 1368 4730 ν
1382 4679 1574 4737 probabiliter
1586 4683 1759 4740 Archilocho

972 4767 1171 4843 Aristophanis
1184 4786 1289 4822 nomen
1303 4770 1446 4824 substituit
1465 4768 1617 4829 Ruhnken.
1637 4771 1674 4827 ad
1692 4773 1759 4826 Vel-

973 4858 1059 4913 leium
1085 4875 1112 4927 1,
1134 4854 1163 4926 5,
1180 4875 1212 4932 p.
1231 4873 1278 4924 ao,
1299 4858 1385 4913 allato
1402 4860 1502 4914 Avium
1524 4877 1606 4914 versu
1622 4878 1760 4934 procum

972 4946 1094 5002 scholio.
1114 4971 1126 4995 1
1141 4946 1168 5001 Ε
1183 4946 1228 5000 Μ.

1343 5043 1389 5113 37.

1012 5156 1138 5212 Gramm.
1154 5157 1273 5215 Belalter.
1288 5155 1395 5212 Anecd.
1416 5175 1447 5229 p.
1470 5155 1536 5225 337,
1557 5151 1699 5229 16,Ἅγιος
1720 5158 1759 5210 ιθ
1856 5167 1861 5173 “

973 5241 1131 5319 σεόάσμιος,
1150 5241 1194 5300 καί
1216 5242 1289 5320 ἅγιον
1311 5242 1341 5300 τὸ
1364 5240 1508 5316 σεόάσμιον
1528 5241 1573 5296 καὶ
1595 5239 1691 5315 τίμιον.
1713 5239 1760 5297 λέ-

972 5352 1045 5406 γοιτο
1058 5332 1080 5388 δ’
1094 5328 1126 5389 ἀν
1140 5330 1184 5389 καί
1196 5329 1269 5408 ἅγιος
1281 5333 1295 5388 ό
1307 5329 1414 5408 μιαρὸς,
1426 5328 1533 5387 ἀπὸτοῦ
1551 5326 1642 5403 ἀγους,
1654 5330 1689 5393 ὡς
1707 5327 1758 5406 Κρ.

974 5445 986 5471 ι
1000 5422 1065 5493 Quo
1080 5422 1145 5476 loco
1157 5423 1208 5497 qui
1220 5424 1320 5492 utitur,
1339 5421 1491 5477 Ruhnken.
1509 5420 1545 5474 ad
1566 5419 1639 5474 Tim.
1654 5438 1682 5490 p.
1711 5419 1759 5486 13,

181 5507 261 5563 ldem
276 5509 314 5563 ib.
331 5526 361 5581 p.
383 5506 468 5578 1751,
490 5512 526 5578 47
549 5527 555 5562 :
577 5504 738 5572 Ἀλκαῖος...
756 5504 927 5581 eliopoli·
972 5528 1028 5584 pro
1053 5511 1181 5587 Κρατῖνος
1202 5510 1317 5566 exhibet
1340 5506 1453 5586 Κράτης.
1474 5507 1599 5561 Eandem
1618 5505 1759 5579 significa·

141 5593 200 5664 δην
215 5591 265 5673 ίφη
291 5594 445 5658 σκωπτικῶς
467 5616 525 5651 τινα
548 5591 591 5650 διὰ
612 5593 643 5650 τὸ
663 5592 873 5663 καλλωπίζεσθαι
895 5592 928 5651 τό
974 5600 1081 5653 tionem
1096 5596 1231 5668 adjectivi
1244 5596 1317 5673 όγιος
1327 5617 1361 5653 ex
1375 5596 1498 5669 antiquis
1510 5593 1699 5668 grammaticis
1715 5595 1759 5649 af-

140 5682 213 5753 μῆλα
236 5684 284 5751 τῆς
303 5680 402 5760 όψεως,
428 5679 598 5758 ἐρευθόμενον
621 5682 688 5752 δῆτα
712 5680 927 5760 *κωμικώτερον
974 5685 1028 5741 lert
1051 5686 1213 5741 Eustathius
1228 5686 1264 5741 ad
1281 5684 1364 5744 lliad.
1388 5704 1417 5758 p.
1437 5682 1522 5750 1356,
1542 5679 1603 5755 59:
1625 5678 1693 5737 οὕτω
1714 5680 1759 5737 καί

141 5759 221 5847 οὗπερ
234 5768 365 5827 ἀνάπαλιν
380 5768 437 5848 έχοι
451 5767 591 5848 ἀνόπαρά
605 5773 643 5850 τῷ
655 5769 926 5851 Κρατίνῳάρρενώ-
974 5770 1046 5848 ἅγιος
1064 5770 1137 5850 παρά
1151 5776 1204 5837 τοῖς
1222 5773 1343 5836 παλαιοῖς
1368 5773 1396 5828 οὐ
1419 5768 1497 5845 μόνον
1513 5767 1668 5847 όκαθαρὸς,
1690 5766 1759 5825 ἀλλά

139 5879 214 5928 πας,
230 5857 263 5915 τό
274 5858 326 5939 μέν
339 5856 407 5916 ἀλλα
421 5857 506 5936 γύννις
520 5856 567 5932 ὧν,
582 5859 650 5939 έχων
660 5860 723 5919 δέτι
735 5860 923 5941 ἀνδρόμορφον.
975 5861 1019 5919 καὶ
1034 5865 1048 5918 ό
1063 5860 1172 5940 μιαρὸς,
1189 5860 1232 5919 tit
1246 5860 1275 5918 τὸ
1291 5864 1337 5917 τοῦ
1350 5858 1426 5934 ἄγους
1440 5857 1611 5933 διπλόσημον,
1626 5848 1695 5925 ilud
1712 5857 1759 5915 καί

515 6029 559 6081 29.
1347 6031 1390 6080 35.

141 6110 286 6183 speciosus
300 6109 488 6182 es,quamvis
507 6108 576 6165 1111111
591 6107 695 6167 habens
708 6110 842 6180 nominis,
854 6111 926 6183 quod
973 6116 1069 6172 Sermo
1083 6112 1195 6186 quidam
1215 6111 1349 6179 insulsus,
1363 6111 1435 6169 vetut
1448 6109 1635 6178 subulcorum,
1649 6126 1700 6167 nos
1714 6127 1759 6182 pe
1819 6119 1822 6122 ·

517 6204 561 6253 31.
790 6198 928 6267 [ostendas
1346 6207 1388 6256 at.
1621 6200 1757 6269 [netratit.

141 6286 244 6343 canere
257 6284 360 6357 gallum
374 6284 554 6357 gallinaceum
572 6302 626 6343 non
641 6288 790 6360 patiuntur.
840 6362 841 6365 γ
975 6289 1065 6342 Sacer.
1081 6268 1092 6287 ’
