4084 8009
218 1602 271 1649 tuo
712 1588 915 1647 cottOEotAE
936 1584 1098 1648 VETElllS
1120 1584 1325 1657 RELlQUlAE.
1378 1630 1384 1639 .
1706 1610 1717 1639 ι

211 1724 276 1777 lime
290 1732 428 1777 mutatum
439 1721 522 1776 luerit
536 1723 564 1774 in
575 1722 683 1798 ρρονῶν.
695 1719 732 1780 V.
747 1720 765 1776 6
783 1720 868 1778 codd.
882 1722 992 1794 aliquot
1216 1748 1256 1759 -
1270 1716 1305 1774 Ti
1317 1714 1367 1790 γάρ

212 1805 332 1881 μαίνεταί
347 1830 379 1864 τι.
390 1812 422 1863 V.
439 1809 456 1865 8
477 1808 540 1863 libri
558 1806 670 1885 ρθονῆδ.
694 1808 822 1863 Correxit
846 1808 935 1863 Dubr.
956 1807 991 1861 ad
1079 1802 1190 1880 ἔχθιονῆ
1207 1830 1218 1853 ιι
1234 1810 1292 1874 ιταῐ,
1309 1802 1373 1859 παῖί
1391 1800 1548 1860 »καλεῖσθαι
1560 1802 1633 1880 παρὰ
1648 1801 1745 1874 πότον,

209 1898 323 1953 Plutum
340 1896 423 1953 1188.
436 1896 534 1951 Valck.
544 1895 620 1967 ἡμῶν
631 1915 683 1968 pro
696 1895 779 1967 ὑμῶν.
1079 1892 1124 1948 καί
1139 1893 1212 1949 ταῦτ’
1227 1890 1335 1969 ἀγενείῳ
1347 1890 1526 1970 μειρακυλλίῳ
1541 1891 1607 1963 τινὶ,

585 2027 612 2060 ,ι
1080 1977 1119 2047 ἤτ’
1135 1976 1216 2052 ἀμίδα
1231 1978 1364 2058 διαρρεῖνς

250 2120 350 2177 Athen,
372 2139 397 2188 1,
413 2139 442 2192 p,
458 2139 504 2193 17,
515 2121 560 2173 D:
581 2119 614 2176 Ε,
631 2114 659 2173 δὲ
674 2116 717 2173 τὸν
730 2118 833 2195 πρῶτον
848 2116 992 2193 dmm.
1041 2107 1104 2159 libri
1119 2102 1135 2171 ἢ
1155 2103 1201 2173 τὴν
1219 2104 1300 2177 ἀμίδα
1320 2103 1422 2182 ρέρειν,
1445 2107 1473 2159 in
1490 2106 1560 2160 tliesi
1579 2106 1724 2161 occultato
1742 2123 1829 2161 voca-

212 2227 287 2280 μενον
311 2204 340 2262 τὸ
361 2208 407 2275 τῆς
428 2204 519 2280 ἀμίδος
552 2206 704 2280 (matulae)
735 2203 818 2280 ὄνομα
841 2205 850 2281 γ
869 2207 991 2263 Μρῑῃργγ,
1040 2194 1108 2246 bulo
1128 2191 1220 2267 ἀμίδα,
1239 2191 1422 2248 dtu-hausto
1443 2212 1458 2247 a
1477 2192 1509 2247 δα
1532 2193 1653 2266 syllaba,
1669 2204 1726 2248 etc.
1750 2218 1764 2243 ι
1791 2196 1822 2248 E.

209 2294 293 2351 scrib,
311 2296 469 2369 suspicatur
487 2291 530 2349 τὸν
551 2297 597 2362 ,ἧς
610 2291 701 2367 ἀμίδος
716 2290 815 2369 νόμον)
839 2290 994 2361 {mptum
1040 2298 1104 2335 eum
1114 2282 1290 2354 perstringit,
1302 2282 1351 2354 qui
1364 2281 1471 2354 primus
1483 2281 1558 2335 inter
1571 2280 1678 2354 pocula
1690 2281 1827 2335 matulam

209 2379 290 2455 λέγων
1039 2371 1187 2442 poposeit3
1209 2387 1293 2442 quem
1317 2387 1415 2436 usum,
1440 2369 1504 2423 satis
1525 2380 1626 2423 notum
1645 2385 1679 2421 cx
1704 2366 1826 2426 Comicis

1041 2459 1139 2532 graecis
1158 2468 1186 2513 et
1196 2458 1311 2526 latinis,
1333 2457 1528 2530 Sybaritarum
1552 2458 1699 2511 inventum
1713 2474 1773 2510 esse
1790 2457 1827 2510 ait

1041 2545 1215 2620 Schweigh„
1226 2545 1341 2600 laudato
1351 2545 1493 2602 Gatalrero
1504 2543 1624 2602 Advers.
1634 2545 1718 2601 mise.
1732 2562 1762 2611 a,
1775 2543 1801 2597 5.
1814 2568 1826 2589 ν

1043 2636 1069 2688 E
1077 2636 1120 2689 M.
1135 2637 1251 2691 Versum
1262 2634 1405 2708 6respicit
1414 2632 1590 2706 Phrynichus
1600 2632 1723 2688 Beldieri
1736 2651 1766 2707 p.
1780 2630 1827 2699 58,

1044 2719 1238 2797 Παλσμηδικδν
1251 2709 1408 2799 τούξεύρεμα
1424 2742 1430 2775 :
1447 2710 1500 2779 οἷον
1515 2718 1592 2799 σορδν
1604 2719 1651 2778 καί
1669 2719 1828 2798 εὐμήχανον.

753 2792 844 2861 uertite
866 2790 994 2883 βινεῖν).
1042 2812 1086 2866 lbi
1098 2812 1183 2885 vulgo
1198 2808 1243 2866 καί
1255 2808 1380 2888 σορόν.Β
1398 2810 1455 2869 CD
1469 2807 1547 2888 σορόν
1568 2830 1625 2866 σου.
1643 2808 1734 2866 lmmo
1753 2804 1828 2885 σορόν

285 2905 316 2983 β.
334 2894 399 2990 (oe
410 2899 495 2976 είκιίς·
510 2897 522 2989 )
535 2898 566 2975 ὃς
577 2890 611 2964 δὲ
627 2908 742 2991 πρῶτος
758 2895 867 2991 ἐξεῦρεν
879 2900 916 2965 τὸ
932 2902 996 2990 πρῲ
1042 2919 1087 2955 του
1099 2918 1152 2972 pro
1164 2896 1240 2961 τινός.

282 2505 312 2546 οι.
337 2487 425 2544 Μισῶ
450 2473 645 2557 λακωνίζειν,
675 2471 845 2570 ταγονίζειν
869 2471 903 2543 δὲ
934 2473 989 2542 κᾶν

821 2617 827 2635 1
840 2582 995 2674 πριαίμην·

285 2691 416 2766 πολλοὺς
438 2685 466 2755 δ’
490 2687 555 2778 (διν)
573 2686 658 2780 οἶμαι
685 2701 732 2754 νῦν
757 2684 927 2773 βεὲινῆσδαί
942 2686 995 2778 (τε

840 3004 996 3088 ’πιπίνειν,
1422 3013 1450 3069 3.

282 3116 399 3183 πολλήν
425 3135 459 3193 γε
477 3112 729 3199 λακκοπρωκτίαν
757 3114 895 3176 ἐπίστασ’
924 3109 996 3203 ‘ipit
1082 3129 1190 3198 suidas,
1207 3126 1346 3192 Βαστάσας
1364 3149 1370 3181 :
1388 3125 1503 3184 ἀντὶτοδ
1517 3123 1672 3201 δοκιμάσας.
1688 3126 1722 3184 Ε,

307 3318 320 3327 .
893 3221 993 3308 ὡρῶν·
1093 3268 1123 3308 α.
1142 3233 1203 3334 λγε
1217 3236 1269 3324 δὴ,
1287 3241 1397 3333 πότερα
1413 3240 1553 3325 βούλεσθε
1566 3231 1657 3313 τηνδὶ
1672 3230 1693 3305 δ
1697 3238 1806 3306 ιοίδεσιν

237 3318 255 3385 5
285 3328 360 3387 Eleu·
378 3322 423 3398 τίς
448 3318 526 3387 εἶπεν
554 3352 569 3384 u
603 3316 719 3413 λμίδα,
738 3330 809 3389 atei!
832 3351 848 3381 ν
877 3333 996 3414 πρῶτος
1020 3331 1024 3422 ξ
1094 3342 1324 3429 ᾠδῆςάχογεγνγ
1347 3346 1719 3439 ἢτὸράγχαῖοςτγόποογ

541 3537 548 3559 Ι
672 3547 687 3560 Ν
747 3429 859 3560 μὲίαξὺ
879 3431 994 3559 πίνωνγ
1094 3460 1125 3537 β.
1153 3449 1302 3544 ἀμφότερ’
1318 3458 1409 3545 ἐρεῖς,
1429 3456 1488 3544 ἐγὼ
1502 3447 1531 3518 δ’
1548 3454 1675 3530 ἀκούσας
1691 3455 1744 3519 τὸν
1762 3454 1828 3543 τρί-

286 3561 315 3602 α.
345 3530 564 3625 Παλαμηδικον
581 3562 615 3623 γε
634 3561 725 3602 τουτο
742 3531 927 3629 τονξευρκμα
945 3563 997 3603 και
1456 3607 1458 3611 ,
1764 3583 1828 3638 πον,

828 3643 993 3733 σοφόντου·
1020 3725 1022 3752 Ι
1092 3664 1123 3728 δν
1140 3662 1175 3729 διν
1190 3664 1264 3756 δοκῇ
1289 3689 1353 3755 μοι,
1374 3664 1527 3748 βαστάσας
1546 3665 1723 3756 αἱρήσομαι.

211 3781 331 3835 Locuse
345 3778 491 3853 colloquio
502 3780 615 3855 galonis
627 3791 654 3835 et
669 3778 863 3853 predicatoris,
874 3798 997 3851 quorum
1020 3757 1022 3766 Ι
1043 3781 1114 3865 [πᾶν
1125 3782 1154 3841 τὸ
1166 3781 1365 3858 σομίησόμενον
1376 3780 1420 3840 inl
1429 3781 1505 3857 λόγον
1516 3780 1639 3859 οίγωνκαί
1647 3780 1825 3859 δοκιμάζων]

210 3868 280 3923 alter
289 3869 410 3923 alterum
421 3868 530 3926 irridet.
542 3867 713 3924 llielnelr.ad
724 3867 881 3925 Alcibiadis
891 3869 997 3923 irrisio-
1045 3875 1078 3929 V,
1099 3892 1109 3927 1
1129 3873 1216 3947 vulgo
1235 3868 1283 3940 τὴν
1306 3869 1431 3944 διάθεσιν,
1450 3901 1488 3914 -
1503 3868 1528 3926 δλ
1547 3871 1654 3944 syllaba
1675 3871 1826 3946 absorpta,

209 3974 273 4009 nem
288 3966 415 4031 spectare
431 3956 484 4011 hos
497 3973 593 4012 versus
605 3958 750 4029 opinatur.
765 3957 843 4012 Vers.
870 3975 880 4010 ι
900 3956 998 4012 Suidas
1042 3954 1201 4030 nisi'sallor,
1216 3977 1232 4013 a
1245 3958 1397 4015 δι-νίσίινο.
1412 3959 1494 4014 Certe
1505 3970 1603 4033 aptum
1613 3955 1702 4027 τηνδὶ,
1712 3958 1827 4026 huncce,

211 4041 408 4111 λακωνίζειν
424 4064 429 4098 ;
446 4043 574 4106 παιδικοῖς
584 4045 711 4121 χρῆσθαι.
728 4040 858 4122 Ἀριστορ.
873 4043 995 4120 Θεσμσρ.
1044 4048 1124 4120 quod
1143 4047 1220 4101 velut
1243 4046 1376 4110 δεικτικῶς
1391 4046 1501 4102 dictum
1522 4058 1564 4102 est
1582 4064 1637 4121 pro
1655 4041 1704 4115 τλν
1718 4048 1781 4115 νῦν,
1801 4057 1830 4099 ut

212 4128 248 4205 β’.
268 4129 323 4203 (ir.
341 4133 390 4201 26,
407 4133 457 4187 ubi
474 4152 500 4187 u.
522 4151 589 4189 ann.
604 4134 613 4207 )
632 4158 644 4182 u
662 4134 852 4208 Intelligerem
863 4132 933 4202 haec,
950 4133 998 4185 in·
1043 4139 1135 4210 Toup.
1148 4146 1176 4190 et
1190 4135 1335 4193 Gaislord.
1352 4135 1389 4191 ad
1402 4135 1544 4210 llepliaest.
1559 4153 1590 4209 p.
1606 4133 1655 4211 45,
1667 4153 1828 4208 quanquam

210 4219 273 4292 qnit
285 4218 383 4289 Melan,
403 4222 424 4275 si
439 4217 585 4295 ταγηνίζειν
610 4220 646 4276 de
663 4238 765 4278 venere
783 4220 917 4276 muliebri
942 4219 996 4275 dici
1044 4226 1103 4296 ipse
1119 4222 1203 4279 Gaisl.
1215 4234 1314 4296 postea
1328 4222 1428 4278 maluit
1438 4218 1530 4291 τήνδε,
1543 4240 1637 4295 neque
1651 4222 1735 4277 aliter
1749 4221 1828 4279 Ruu-

210 4299 305 4381 posset
316 4309 503 4381 locusqueita
514 4310 636 4384 scriptus
645 4319 715 4365 esset
730 4326 736 4362 :
752 4309 831 4366 λίισῶ
840 4303 996 4382 ταγηνίζειν,
1020 4283 1025 4400 Ι
1042 4312 1111 4379 kel.;
1127 4310 1174 4366 scd
1198 4312 1375 4366 verisimilius
1396 4307 1481 4379 τηνδί.
1505 4311 1540 4364 ln
1555 4306 1611 4364 fine
1635 4309 1731 4364 nescio
1754 4307 1830 4380 cujus

209 4392 359 4460 λακωνίζειν
375 4392 403 4451 δὲ
418 4392 617 4472 κάνπριαίμην.
636 4421 647 4445 ν
663 4400 695 4453 V.
715 4406 820 4452 erecte
840 4395 997 4471 Schweigh.
1020 4406 1024 4510 γ
1044 4399 1268 4454 additamentum
1281 4395 1436 4473 ταυτολόγον
1453 4397 1681 4453 cancellarimus.

208 4479 320 4548 nolluit<
327 4502 381 4559 pro
392 4481 501 4548 πολλάς.
509 4486 625 4540 lluncet
634 4495 798 4559 sequentem
809 4501 919 4540 versum
928 4503 999 4558 pro·
1020 4515 1023 4550 γ
1410 4506 1413 4511 ·
1424 4515 1453 4575 4·

210 4570 343 4626 habiliter
354 4572 486 4646 supplere
501 4572 670 4628 studuimus.
692 4574 782 4630 Aliter
801 4571 868 4631 eod.
885 4575 906 4627 B
924 4570 998 4627 :dll—

209 4677 257 4731 γας
266 4657 316 4736 γὰρ
328 4646 403 4731 οἶμαι
411 4663 455 4716 νῦν
470 4657 527 4737 βεὸ.
540 4658 570 4737 γί
582 4682 622 4717 σοι
631 4663 765 4738 γυναῖκας.
776 4665 809 4719 V.
821 4662 847 4720 3.
859 4657 906 4725 Ὡς
918 4658 996 4732 εἰκός,

210 4759 241 4799 ut
248 4750 407 4803 verosimile
416 4761 467 4815 est,
482 4748 584 4823 frigide
597 4751 779 4806 concedentis
793 4761 822 4805 et
837 4751 931 4804 statim
945 4767 999 4823 par
1020 4758 1023 4785 ¹
1094 4731 1119 4804 tl
1134 4739 1235 4805 πολλοί
1248 4745 1276 4831 γ’
1290 4741 1320 4803 ἐν
1338 4746 1439 4829 μακρῷ
1449 4735 1546 4827 χρόνῳ
1560 4734 1702 4826 γίγνεται
1719 4738 1829 4823 μεταλ·

210 4836 337 4908 properi
349 4836 484 4906 relaturi,
496 4847 528 4890 ut
540 4838 588 4908 qui
601 4838 682 4891 etiam
695 4839 733 4913 τῷ
742 4835 888 4912 ταγηνίζειν
901 4848 928 4892 et
940 4856 998 4892 ma-
1020 4791 1024 4904 ί
1752 4845 1828 4930 λαγῆ

211 4922 309 4976 tutinis
329 4922 526 4995 potationibus
540 4924 577 4979 ad
592 4923 810 5001 λακκοπρωκτίαν
824 4926 934 4980 incitari
945 4908 1024 4978 lio-¹
1095 4959 1133 4990 ‚·-
1260 4950 1376 5012 sm.
1431 4950 1489 5011 ἔνη
1516 4939 1549 5010 δὲ
1616 4954 1631 4967 κ
1659 4950 1668 4976 ν
1692 4935 1779 5008 οὐδὲν
1804 4912 1829 5007 ρ,

210 5010 300 5064 mines
311 5011 460 5079 existimet,
474 5029 566 5083 neque
580 5012 694 5084 injuria.
711 5012 791 5068 Libri
803 5010 833 5067 τὸ
849 5009 930 5086 πρῶτ’
942 5012 998 5068 ἐπι·
1102 4977 1155 5014 ’ων
1177 4975 1300 5041 πραγμ
1349 4976 1363 5012 ν
1408 4974 1430 5036 μ
1464 4995 1474 5010 ⁵
1574 4970 1658 5072 mii
1682 5060 1698 5072 .
1720 5049 1767 5114 ,θ
1798 5060 1812 5071 .

210 5094 305 5151 πων.
318 5098 450 5154 Correxit
461 5099 616 5154 erusteus.
633 5103 665 5155 ν.
683 5105 698 5163 ι.
715 5099 780 5154 usu
791 5094 907 5154 επινων
921 5100 996 5171 ἡμῖν.
1598 5075 1702 5135 ταυτῳ
1717 5076 1750 5140 pu
1771 5076 1826 5140 ίῳ·

211 5185 997 5262 llludcorrexitElrnsl.;hoc‚quod0fficitmctro‚lllein.
1045 5184 1141 5241 Codex
1153 5180 1203 5247 Ὡς
1215 5180 1299 5239 πολλοί
1314 5184 1337 5256 γ’
1354 5182 1392 5251 ἐν,
1407 5193 1473 5249 eto,
1492 5178 1541 5234 sed
1559 5178 1690 5234 Julianus
1707 5177 1786 5234 Orat.
1803 5195 1829 5249 γ,

211 5274 244 5327 V.
261 5271 277 5328 5
294 5260 590 5348 Eleu,uge:lor·mula
603 5275 947 5351 transeundi,praesertim
962 5274 999 5330 ad
1043 5292 1073 5346 p.
1097 5281 1165 5340 204,
1182 5277 1217 5340 Α,
1240 5273 1270 5326 in
1290 5270 1389 5325 codice
1403 5268 1486 5328 Voss.
1507 5256 1545 5325 Ἦ
1567 5262 1666 5334 πολλὰ,
1683 5264 1767 5338 quod
1788 5284 1831 5338 re·

211 5378 271 5415 rem
284 5372 442 5435 cognatam.
457 5362 523 5420 Ποῖ.
537 5364 638 5440 πρῶτος
650 5382 704 5437 pro
719 5360 880 5438 ποίμπρωτος
895 5363 998 5416 Porso-
1045 5372 1158 5434 ceptum
1177 5361 1295 5415 alllein.
1314 5358 1385 5412 milri
1406 5372 1522 5430 qnoque
1540 5354 1621 5410 alteri
1641 5353 1686 5408 illi
1701 5364 1830 5427 praestare

212 5467 265 5502 nus
277 5449 354 5521 apud
374 5450 463 5507 Kidd.
480 5451 516 5506 ad
531 5454 651 5507 Porsoni
665 5453 746 5511 Mise.
765 5471 796 5526 p.
819 5450 945 5524 390.1bi
965 5468 999 5504 ex
1046 5447 1204 5503 videbatur.
1225 5446 1334 5502 Deinde
1354 5444 1443 5499 Mein.
1467 5440 1622 5517 μεταλλαγῇ
1649 5437 1829 5517 πραγμάτων,

212 5536 315 5595 Athen.
329 5537 359 5606 6,
370 5558 399 5612 p.
414 5539 480 5608 οόν,
496 5542 531 5609 D,
542 5542 624 5615 petiti
639 5559 736 5596 versus
750 5540 889 5614 Epicratis
1047 5534 1359 5610 quumapudOrionem
1369 5534 1480 5607 legatur
1489 5524 1830 5606 μεταλλαγίταιττρ.1λεοισ

1086 4624 1177 4679 Orion
1190 4623 1307 4678 Anthol.
1323 4642 1353 4695 p.
1378 4619 1412 4687 54
1432 4641 1438 4675 :
1455 4617 1605 4681 Εὐπόλιδος·

592 5718 617 5764 2.
1044 5716 1070 5758 a.
1087 5700 1289 5755 Palamedieum
1301 5698 1353 5755 troc
1370 5695 1481 5770 quidem
1493 5703 1521 5752 et
1531 5694 1641 5767 sapiens
1654 5693 1777 5766 alicujus
1791 5694 1830 5750 iu·

212 5804 238 5843 a.
256 5789 309 5845 Odi
319 5789 514 5861 laconismum3
527 5804 616 5852 assata
627 5812 691 5852 vero
703 5795 834 5861 etrierim3
1418 5792 1445 5841 8·
1694 5785 1826 5850 [lenium-

213 5874 313 5929 multos
324 5874 434 5945 quidem
449 5896 523 5936 nune
532 5888 598 5951 puto
608 5881 746 5947 irmmart,
756 5894 911 5951 rursusque
923 5882 997 5933 trru·
1044 5892 1069 5931 a.
1088 5881 1144 5947 Age
1158 5877 1250 5947 igitur,
1263 5883 1355 5932 utrum
1366 5874 1449 5930 hoece
1461 5886 1547 5944 genus
1566 5867 1627 5926 odae

896 5967 995 6036 Ιιιιονε.
1045 5961 1139 6018 audire
1155 5962 1248 6026 voltis,
1264 5978 1299 6017 an
1314 5959 1396 6016 modo
1407 5958 1521 6031 antiquo
1531 5955 1653 6013 laeum?

215 6044 242 6099 Ιν.
255 6044 392 6101 Credibile
401 6056 455 6103 est:
467 6051 514 6121 qui
522 6060 613 6109 autem
625 6056 743 6123 primum
752 6052 879 6124 cogitavit
887 6051 921 6107 de
931 6058 998 6124 potu
1046 6050 1072 6105 b.
1087 6048 1342 6123 Utruruquediees3
1359 6064 1410 6120 ego
1425 6061 1500 6112 vero,
1517 6051 1663 6117 postquam
1674 6041 1817 6108 audivero,

841 6139 996 6206 [matutino
1018 6162 1020 6216 γ
1046 6140 1158 6195 modum
1178 6145 1341 6210 spectatum,
1356 6135 1403 6207 qui
1418 6134 1489 6190 milri
1503 6129 1645 6203 placuerit,
1658 6130 1770 6203 eligam.

214 6233 278 6273 eum
293 6219 362 6274 scito
375 6219 488 6277 multam
505 6222 583 6279 nobis
597 6223 784 6295 paderastiam
802 6224 978 6294 excogitasse.
1018 6222 1020 6282 ξ
1212 6295 1215 6300 Ι
1424 6228 1450 6276 t.

214 6312 287 6374 Aue,
310 6306 372 6378 quis
390 6309 494 6379 primus
519 6311 591 6366 inter
613 6314 708 6383 poeula
728 6313 795 6369 dixit
817 6336 829 6361 ι
855 6312 997 6377 Matutam,
1018 6323 1021 6439 γ
1044 6317 1114 6372 Saue
1127 6314 1213 6372 multa
1223 6314 1305 6382 longo
1316 6312 1345 6367 in
1354 6320 1476 6383 tempore
1488 6307 1557 6365 liunt
1566 6304 1745 6362 conversione

857 6403 947 6472 [puert
966 6402 998 6455 v?
1045 6418 1148 6466 renim,
1159 6398 1366 6470 necquidquam
1380 6396 1407 6452 in
1417 6394 1515 6453 eodem
1528 6392 1610 6449 modo
1621 6398 1776 6465 permanet.
