<?xml version="1.0" encoding="UTF-8"?>
<!DOCTYPE html PUBLIC "-//W3C//DTD XHTML 1.0 Transitional//EN"
    "http://www.w3.org/TR/xhtml1/DTD/xhtml1-transitional.dtd">
<html xmlns="http://www.w3.org/1999/xhtml" xml:lang="en" lang="en">
 <head>
  <title>
</title>
<meta http-equiv="Content-Type" content="text/html;charset=utf-8" />
  <meta name='ocr-system' content='tesseract 3.04.00' />
  <meta name='ocr-capabilities' content='ocr_page ocr_carea ocr_par ocr_line ocrx_word'/>
</head>
<body>
  <div class='ocr_page' id='page_1' title='image "./poetarumcomicor00bothgoog_0605.png"; bbox 0 0 4084 8009; ppageno 0'>
   <div class='ocr_carea' id='block_1_1' title="bbox 878 1500 1023 1561">
    <p class='ocr_par' dir='ltr' id='par_1_1' title="bbox 878 1500 1023 1561">
     <span class='ocr_line' id='line_1_1' title="bbox 878 1500 1023 1561; baseline -0.007 -3"><span class='ocrx_word' id='word_1_1' title='bbox 878 1500 1023 1561; x_wconf 70' lang='lat' dir='ltr'><strong>aunxis,</strong></span> 
     </span>
    </p>
   </div>
   <div class='ocr_carea' id='block_1_2' title="bbox 143 1607 925 1791">
    <p class='ocr_par' dir='ltr' id='par_1_2' title="bbox 143 1607 925 1791">
     <span class='ocr_line' id='line_1_2' title="bbox 143 1607 925 1708; baseline 0.035 -46"><span class='ocrx_word' id='word_1_2' title='bbox 143 1607 255 1685; x_wconf 88' lang='grc' dir='ltr'>μετρίως</span> <span class='ocrx_word' id='word_1_3' title='bbox 267 1612 296 1669; x_wconf 90' lang='lat' dir='ltr'>in</span> <span class='ocrx_word' id='word_1_4' title='bbox 308 1613 376 1671; x_wconf 73' lang='lat' dir='ltr'><strong>thesi</strong></span> <span class='ocrx_word' id='word_1_5' title='bbox 388 1617 544 1696; x_wconf 85' lang='lat' dir='ltr'><strong>collocato)</strong></span> <span class='ocrx_word' id='word_1_6' title='bbox 556 1632 584 1678; x_wconf 92' lang='lat' dir='ltr'>et</span> <span class='ocrx_word' id='word_1_7' title='bbox 598 1625 692 1681; x_wconf 88' lang='lat' dir='ltr'><strong>alieno</strong></span> <span class='ocrx_word' id='word_1_8' title='bbox 703 1644 787 1684; x_wconf 80' lang='lat' dir='ltr'><strong>seruu</strong></span> <span class='ocrx_word' id='word_1_9' title='bbox 801 1629 925 1708; x_wconf 76' lang='grc' dir='ltr'>πράττειν</span> 
     </span>
     <span class='ocr_line' id='line_1_3' title="bbox 143 1695 925 1791; baseline 0.035 -40"><span class='ocrx_word' id='word_1_10' title='bbox 143 1695 255 1773; x_wconf 91' lang='grc' dir='ltr'>μετρίως</span> <span class='ocrx_word' id='word_1_11' title='bbox 264 1697 347 1778; x_wconf 80' lang='grc' dir='ltr'>φύσκ.</span> <span class='ocrx_word' id='word_1_12' title='bbox 364 1702 521 1783; x_wconf 73' lang='grc' dir='ltr'>ἀχρήστως.</span> <span class='ocrx_word' id='word_1_13' title='bbox 535 1711 610 1769; x_wconf 88' lang='lat' dir='ltr'><strong>Bene</strong></span> <span class='ocrx_word' id='word_1_14' title='bbox 622 1715 718 1771; x_wconf 79' lang='lat' dir='ltr'><strong>Illmsl.</strong></span> <span class='ocrx_word' id='word_1_15' title='bbox 733 1735 780 1791; x_wconf 86' lang='lat' dir='ltr'>ap.</span> <span class='ocrx_word' id='word_1_16' title='bbox 792 1719 881 1782; x_wconf 89' lang='lat' dir='ltr'><strong>Dind.</strong></span> <span class='ocrx_word' id='word_1_17' title='bbox 897 1724 925 1778; x_wconf 89' lang='lat' dir='ltr'>in</span> 
     </span>
    </p>
   </div>
   <div class='ocr_carea' id='block_1_3' title="bbox 144 1794 1037 1884">
    <p class='ocr_par' dir='ltr' id='par_1_3' title="bbox 144 1794 1037 1884">
     <span class='ocr_line' id='line_1_4' title="bbox 144 1794 1037 1884; baseline 0.019 -33"><span class='ocrx_word' id='word_1_18' title='bbox 144 1795 291 1852; x_wconf 76' lang='lat' dir='ltr'><strong>Addendia</strong></span> <span class='ocrx_word' id='word_1_19' title='bbox 300 1794 468 1874; x_wconf 77' lang='grc' dir='ltr'>ἀχαρίστως.</span> <span class='ocrx_word' id='word_1_20' title='bbox 487 1802 520 1859; x_wconf 94' lang='lat' dir='ltr'>V.</span> <span class='ocrx_word' id='word_1_21' title='bbox 539 1822 554 1873; x_wconf 92' lang='lat'><strong>7</strong></span> <span class='ocrx_word' id='word_1_22' title='bbox 570 1803 684 1861; x_wconf 77' lang='lat' dir='ltr'><strong>codices</strong></span> <span class='ocrx_word' id='word_1_23' title='bbox 693 1808 820 1880; x_wconf 78' lang='lat' dir='ltr'><strong>potiores</strong></span> <span class='ocrx_word' id='word_1_24' title='bbox 829 1810 926 1884; x_wconf 84' lang='lat' dir='ltr'><strong>Epito·</strong></span> <span class='ocrx_word' id='word_1_25' title='bbox 1027 1848 1037 1870; x_wconf 82' lang='lat'><strong>.</strong></span> 
     </span>
    </p>
   </div>
   <div class='ocr_carea' id='block_1_4' title="bbox 140 1880 815 2241">
    <p class='ocr_par' dir='ltr' id='par_1_4' title="bbox 140 1880 815 2241">
     <span class='ocr_line' id='line_1_5' title="bbox 140 1880 815 1965; baseline 0.016 -28"><span class='ocrx_word' id='word_1_26' title='bbox 140 1900 199 1939; x_wconf 78' lang='lat' dir='ltr'>mee</span> <span class='ocrx_word' id='word_1_27' title='bbox 213 1880 400 1962; x_wconf 75' lang='grc' dir='ltr'>ἀνελευθέρους.</span> <span class='ocrx_word' id='word_1_28' title='bbox 416 1889 448 1945; x_wconf 93' lang='lat' dir='ltr'>V.</span> <span class='ocrx_word' id='word_1_29' title='bbox 464 1887 616 1947; x_wconf 81' lang='grc' dir='ltr'>θΜεῖιιεΙι.</span> <span class='ocrx_word' id='word_1_30' title='bbox 634 1892 710 1965; x_wconf 88' lang='lat' dir='ltr'><strong>conj.</strong></span> <span class='ocrx_word' id='word_1_31' title='bbox 727 1893 815 1951; x_wconf 84' lang='grc' dir='ltr'>πόλιν.</span> 
     </span>
     <span class='ocr_line' id='line_1_6' title="bbox 444 2041 550 2095; baseline 0.019 -34"><span class='ocrx_word' id='word_1_32' title='bbox 444 2054 447 2061; x_wconf 96' lang='grc'>.</span> <span class='ocrx_word' id='word_1_33' title='bbox 522 2041 550 2095; x_wconf 69' lang='grc'>9,</span> 
     </span>
     <span class='ocr_line' id='line_1_7' title="bbox 178 2160 614 2241; baseline 0.016 -25"><span class='ocrx_word' id='word_1_34' title='bbox 178 2160 280 2218; x_wconf 78' lang='lat' dir='ltr'><strong>Athen.</strong></span> <span class='ocrx_word' id='word_1_35' title='bbox 294 2180 324 2230; x_wconf 82' lang='lat' dir='ltr'>a,</span> <span class='ocrx_word' id='word_1_36' title='bbox 336 2181 365 2237; x_wconf 86' lang='lat' dir='ltr'><strong>p.</strong></span> <span class='ocrx_word' id='word_1_37' title='bbox 379 2162 429 2233; x_wconf 85' lang='lat'>55,</span> <span class='ocrx_word' id='word_1_38' title='bbox 443 2164 465 2220; x_wconf 87' lang='lat' dir='ltr'>C</span> <span class='ocrx_word' id='word_1_39' title='bbox 479 2184 484 2217; x_wconf 95' lang='lat'>:</span> <span class='ocrx_word' id='word_1_40' title='bbox 501 2160 614 2241; x_wconf 85' lang='grc' dir='ltr'>Θίρμσε.</span> 
     </span>
    </p>
   </div>
   <div class='ocr_carea' id='block_1_5' title="bbox 92 2294 924 3140">
    <p class='ocr_par' dir='ltr' id='par_1_5' title="bbox 101 2294 734 2400">
     <span class='ocr_line' id='line_1_8' title="bbox 101 2294 734 2400; baseline 0.009 -31"><span class='ocrx_word' id='word_1_41' title='bbox 101 2385 105 2390; x_wconf 9' lang='grc' dir='ltr'><strong><em>ἢ</em></strong></span> <span class='ocrx_word' id='word_1_42' title='bbox 197 2294 198 2299; x_wconf 25' lang='lat'>¹</span> <span class='ocrx_word' id='word_1_43' title='bbox 234 2304 570 2400; x_wconf 70' lang='grc' dir='ltr'>-Μὴὥρασιίμίν)</span> <span class='ocrx_word' id='word_1_44' title='bbox 732 2386 734 2391; x_wconf 35' lang='grc'>,</span> 
     </span>
    </p>

    <p class='ocr_par' dir='ltr' id='par_1_6' title="bbox 186 2404 924 2617">
     <span class='ocr_line' id='line_1_9' title="bbox 186 2404 924 2510; baseline 0.012 -33"><span class='ocrx_word' id='word_1_45' title='bbox 186 2407 267 2500; x_wconf 81' lang='grc' dir='ltr'>μετὰ</span> <span class='ocrx_word' id='word_1_46' title='bbox 287 2418 349 2477; x_wconf 88' lang='grc' dir='ltr'>τῶν</span> <span class='ocrx_word' id='word_1_47' title='bbox 365 2420 466 2478; x_wconf 80' lang='grc' dir='ltr'>κακῶν</span> <span class='ocrx_word' id='word_1_48' title='bbox 486 2404 557 2505; x_wconf 79' lang='grc' dir='ltr'>(δ’)</span> <span class='ocrx_word' id='word_1_49' title='bbox 573 2410 662 2481; x_wconf 82' lang='grc' dir='ltr'>ἵκοιθ’</span> <span class='ocrx_word' id='word_1_50' title='bbox 679 2421 694 2481; x_wconf 84' lang='grc' dir='ltr'>ὁ</span> <span class='ocrx_word' id='word_1_51' title='bbox 713 2418 780 2495; x_wconf 78' lang='grc' dir='ltr'>τοὺς</span> <span class='ocrx_word' id='word_1_52' title='bbox 802 2417 924 2510; x_wconf 82' lang='grc' dir='ltr'>θέρμους</span> 
     </span>
     <span class='ocr_line' id='line_1_10' title="bbox 819 2528 920 2617; baseline 0.02 -30"><span class='ocrx_word' id='word_1_53' title='bbox 819 2528 920 2617; x_wconf 76' lang='grc' dir='ltr'>φαγὼν</span> 
     </span>
    </p>

    <p class='ocr_par' dir='ltr' id='par_1_7' title="bbox 185 2620 921 2823">
     <span class='ocr_line' id='line_1_11' title="bbox 185 2620 921 2716; baseline 0.012 -30"><span class='ocrx_word' id='word_1_54' title='bbox 185 2622 215 2686; x_wconf 87' lang='grc' dir='ltr'>ίν</span> <span class='ocrx_word' id='word_1_55' title='bbox 229 2628 273 2707; x_wconf 83' lang='grc' dir='ltr'>τῷ</span> <span class='ocrx_word' id='word_1_56' title='bbox 288 2620 437 2715; x_wconf 77' lang='grc' dir='ltr'>προθύρῳ,</span> <span class='ocrx_word' id='word_1_57' title='bbox 451 2621 492 2689; x_wconf 80' lang='lat' dir='ltr'>rol</span> <span class='ocrx_word' id='word_1_58' title='bbox 505 2620 636 2716; x_wconf 75' lang='grc' dir='ltr'>λέμμαθ’</span> <span class='ocrx_word' id='word_1_59' title='bbox 657 2630 724 2701; x_wconf 77' lang='grc' dir='ltr'>ὁτιὴ</span> <span class='ocrx_word' id='word_1_60' title='bbox 745 2631 921 2713; x_wconf 76' lang='grc' dir='ltr'>κατέλιπεν,</span> 
     </span>
     <span class='ocr_line' id='line_1_12' title="bbox 185 2721 921 2823; baseline 0.015 -32"><span class='ocrx_word' id='word_1_61' title='bbox 185 2721 257 2792; x_wconf 81' lang='grc' dir='ltr'>ἀλλ’</span> <span class='ocrx_word' id='word_1_62' title='bbox 275 2731 328 2793; x_wconf 84' lang='grc' dir='ltr'>οὐκ</span> <span class='ocrx_word' id='word_1_63' title='bbox 342 2725 494 2821; x_wconf 78' lang='grc' dir='ltr'>ἀπεπνίγη</span> <span class='ocrx_word' id='word_1_64' title='bbox 505 2724 706 2823; x_wconf 77' lang='grc' dir='ltr'>καταραχώνί</span> <span class='ocrx_word' id='word_1_65' title='bbox 730 2730 867 2823; x_wconf 86' lang='grc' dir='ltr'>μαλιστα</span> <span class='ocrx_word' id='word_1_66' title='bbox 882 2727 921 2813; x_wconf 75' lang='grc' dir='ltr'>δὴ</span> 
     </span>
    </p>

    <p class='ocr_par' dir='ltr' id='par_1_8' title="bbox 137 2824 870 3035">
     <span class='ocr_line' id='line_1_13' title="bbox 137 2824 807 2925; baseline 0.009 -29"><span class='ocrx_word' id='word_1_67' title='bbox 137 2824 159 2897; x_wconf 83' lang='grc'>5</span> <span class='ocrx_word' id='word_1_68' title='bbox 185 2830 367 2911; x_wconf 78' lang='grc' dir='ltr'>Κλεαίνετος</span> <span class='ocrx_word' id='word_1_69' title='bbox 384 2835 438 2925; x_wconf 76' lang='grc' dir='ltr'>μὲν</span> <span class='ocrx_word' id='word_1_70' title='bbox 453 2838 507 2900; x_wconf 81' lang='grc' dir='ltr'>οὐκ</span> <span class='ocrx_word' id='word_1_71' title='bbox 523 2828 647 2908; x_wconf 66' lang='grc' dir='ltr'>ἐδήδοκ’</span> <span class='ocrx_word' id='word_1_72' title='bbox 663 2827 725 2902; x_wconf 81' lang='grc' dir='ltr'>οἶδ’</span> <span class='ocrx_word' id='word_1_73' title='bbox 736 2840 807 2923; x_wconf 84' lang='grc' dir='ltr'>ὅτε,</span> 
     </span>
     <span class='ocr_line' id='line_1_14' title="bbox 184 2932 870 3035; baseline 0.017 -34"><span class='ocrx_word' id='word_1_74' title='bbox 184 2937 375 3031; x_wconf 74' lang='grc' dir='ltr'>ότραχικθς,</span> <span class='ocrx_word' id='word_1_75' title='bbox 398 2941 520 3017; x_wconf 81' lang='grc' dir='ltr'>αὐτούς·</span> <span class='ocrx_word' id='word_1_76' title='bbox 535 2932 654 3017; x_wconf 86' lang='grc' dir='ltr'>οὐδενὸς</span> <span class='ocrx_word' id='word_1_77' title='bbox 671 2939 728 3035; x_wconf 77' lang='grc' dir='ltr'>γὰρ</span> <span class='ocrx_word' id='word_1_78' title='bbox 742 2948 870 3012; x_wconf 84' lang='grc' dir='ltr'>πώποτε</span> 
     </span>
    </p>

    <p class='ocr_par' dir='ltr' id='par_1_9' title="bbox 92 3038 784 3140">
     <span class='ocr_line' id='line_1_15' title="bbox 92 3038 784 3140; baseline 0.007 -28"><span class='ocrx_word' id='word_1_79' title='bbox 92 3108 96 3112; x_wconf 90' lang='grc'><em>,</em></span> <span class='ocrx_word' id='word_1_80' title='bbox 184 3038 349 3128; x_wconf 73' lang='grc' dir='ltr'>οίπίύαλεν,</span> <span class='ocrx_word' id='word_1_81' title='bbox 369 3049 462 3123; x_wconf 84' lang='grc' dir='ltr'>οὕτως</span> <span class='ocrx_word' id='word_1_82' title='bbox 479 3044 557 3114; x_wconf 86' lang='grc' dir='ltr'>ίστῖν</span> <span class='ocrx_word' id='word_1_83' title='bbox 567 3051 686 3140; x_wconf 74' lang='grc' dir='ltr'>εὐχερὴς</span> <span class='ocrx_word' id='word_1_84' title='bbox 699 3048 784 3137; x_wconf 79' lang='grc' dir='ltr'>οίνίρ.</span> 
     </span>
    </p>
   </div>
   <div class='ocr_carea' id='block_1_6' title="bbox 132 3170 919 4038">
    <p class='ocr_par' dir='ltr' id='par_1_10' title="bbox 132 3170 919 4038">
     <span class='ocr_line' id='line_1_16' title="bbox 140 3170 915 3250; baseline 0.003 -23"><span class='ocrx_word' id='word_1_85' title='bbox 140 3194 152 3219; x_wconf 73' lang='grc' dir='ltr'>ι</span> <span class='ocrx_word' id='word_1_86' title='bbox 170 3170 297 3228; x_wconf 78' lang='lat' dir='ltr'><strong>Alexidis</strong></span> <span class='ocrx_word' id='word_1_87' title='bbox 319 3172 379 3229; x_wconf 81' lang='lat' dir='ltr'>haec</span> <span class='ocrx_word' id='word_1_88' title='bbox 403 3192 462 3230; x_wconf 86' lang='lat' dir='ltr'><strong>esse</strong></span> <span class='ocrx_word' id='word_1_89' title='bbox 483 3186 593 3230; x_wconf 87' lang='lat' dir='ltr'><strong>constat</strong></span> <span class='ocrx_word' id='word_1_90' title='bbox 611 3194 627 3231; x_wconf 91' lang='lat' dir='ltr'><strong>e</strong></span> <span class='ocrx_word' id='word_1_91' title='bbox 646 3172 765 3232; x_wconf 84' lang='lat' dir='ltr'><strong>Polluce</strong></span> <span class='ocrx_word' id='word_1_92' title='bbox 777 3177 813 3250; x_wconf 83' lang='lat'>6,</span> <span class='ocrx_word' id='word_1_93' title='bbox 834 3176 882 3243; x_wconf 68' lang='lat'>45.</span> <span class='ocrx_word' id='word_1_94' title='bbox 903 3205 915 3229; x_wconf 65' lang='grc' dir='ltr'>ι»</span> 
     </span>
     <span class='ocr_line' id='line_1_17' title="bbox 136 3253 916 3339; baseline 0.014 -23"><span class='ocrx_word' id='word_1_95' title='bbox 136 3261 162 3337; x_wconf 68' lang='grc' dir='ltr'>β</span> <span class='ocrx_word' id='word_1_96' title='bbox 172 3260 215 3321; x_wconf 85' lang='grc' dir='ltr'>Μ.</span> <span class='ocrx_word' id='word_1_97' title='bbox 239 3264 327 3318; x_wconf 86' lang='lat' dir='ltr'><strong>Versu</strong></span> <span class='ocrx_word' id='word_1_98' title='bbox 352 3281 363 3317; x_wconf 95' lang='grc' dir='ltr'>ι</span> <span class='ocrx_word' id='word_1_99' title='bbox 379 3253 463 3339; x_wconf 71' lang='grc' dir='ltr'>ὥρασι</span> <span class='ocrx_word' id='word_1_100' title='bbox 482 3281 537 3338; x_wconf 87' lang='lat' dir='ltr'>pro</span> <span class='ocrx_word' id='word_1_101' title='bbox 556 3258 650 3339; x_wconf 82' lang='grc' dir='ltr'>ὥραισι</span> <span class='ocrx_word' id='word_1_102' title='bbox 669 3265 798 3323; x_wconf 84' lang='lat' dir='ltr'><strong>Dindorf.</strong></span> <span class='ocrx_word' id='word_1_103' title='bbox 814 3266 852 3322; x_wconf 89' lang='lat' dir='ltr'>ad</span> <span class='ocrx_word' id='word_1_104' title='bbox 866 3272 916 3327; x_wconf 81' lang='lat' dir='ltr'>Ar.</span> 
     </span>
     <span class='ocr_line' id='line_1_18' title="bbox 134 3346 918 3429; baseline 0.01 -25"><span class='ocrx_word' id='word_1_105' title='bbox 134 3349 250 3421; x_wconf 78' lang='lat' dir='ltr'><strong>Lysistr.</strong></span> <span class='ocrx_word' id='word_1_106' title='bbox 271 3366 340 3425; x_wconf 74' lang='lat'>97⁰·</span> <span class='ocrx_word' id='word_1_107' title='bbox 366 3350 475 3406; x_wconf 84' lang='lat' dir='ltr'><strong>Vocula</strong></span> <span class='ocrx_word' id='word_1_108' title='bbox 490 3346 537 3425; x_wconf 84' lang='grc' dir='ltr'>μίν</span> <span class='ocrx_word' id='word_1_109' title='bbox 559 3351 632 3408; x_wconf 81' lang='lat' dir='ltr'><strong>sorte</strong></span> <span class='ocrx_word' id='word_1_110' title='bbox 654 3352 755 3409; x_wconf 81' lang='lat' dir='ltr'><strong>omissa</strong></span> <span class='ocrx_word' id='word_1_111' title='bbox 774 3364 840 3410; x_wconf 81' lang='lat' dir='ltr'><strong>ante</strong></span> <span class='ocrx_word' id='word_1_112' title='bbox 859 3376 918 3429; x_wconf 92' lang='grc' dir='ltr'>με-,</span> 
     </span>
     <span class='ocr_line' id='line_1_19' title="bbox 134 3432 918 3519; baseline 0.01 -28"><span class='ocrx_word' id='word_1_113' title='bbox 134 3432 287 3495; x_wconf 78' lang='lat' dir='ltr'><strong>Hermann.</strong></span> <span class='ocrx_word' id='word_1_114' title='bbox 300 3439 375 3513; x_wconf 83' lang='lat' dir='ltr'><strong>Epit.</strong></span> <span class='ocrx_word' id='word_1_115' title='bbox 391 3438 484 3495; x_wconf 82' lang='lat' dir='ltr'><strong>doctr.</strong></span> <span class='ocrx_word' id='word_1_116' title='bbox 502 3450 583 3499; x_wconf 87' lang='lat' dir='ltr'><strong>metr.</strong></span> <span class='ocrx_word' id='word_1_117' title='bbox 599 3439 708 3514; x_wconf 83' lang='lat' dir='ltr'><strong>praelat.</strong></span> <span class='ocrx_word' id='word_1_118' title='bbox 720 3460 750 3516; x_wconf 89' lang='lat' dir='ltr'>p.</span> <span class='ocrx_word' id='word_1_119' title='bbox 774 3460 828 3498; x_wconf 84' lang='grc' dir='ltr'>ιιιιι</span> <span class='ocrx_word' id='word_1_120' title='bbox 849 3462 918 3519; x_wconf 77' lang='grc' dir='ltr'>σειρ-</span> 
     </span>
     <span class='ocr_line' id='line_1_20' title="bbox 132 3519 919 3597; baseline 0.011 -19"><span class='ocrx_word' id='word_1_121' title='bbox 132 3519 223 3597; x_wconf 82' lang='grc' dir='ltr'>ρίενίε</span> <span class='ocrx_word' id='word_1_122' title='bbox 241 3541 359 3582; x_wconf 82' lang='grc' dir='ltr'>ιεεειιιιι.</span> <span class='ocrx_word' id='word_1_123' title='bbox 376 3530 463 3583; x_wconf 76' lang='lat' dir='ltr'><strong>versu</strong></span> <span class='ocrx_word' id='word_1_124' title='bbox 485 3546 502 3582; x_wconf 80' lang='grc' dir='ltr'>α</span> <span class='ocrx_word' id='word_1_125' title='bbox 524 3525 625 3583; x_wconf 82' lang='lat' dir='ltr'><strong>addidi</strong></span> <span class='ocrx_word' id='word_1_126' title='bbox 648 3524 684 3583; x_wconf 86' lang='grc' dir='ltr'>δ’.</span> <span class='ocrx_word' id='word_1_127' title='bbox 707 3531 741 3586; x_wconf 92' lang='lat' dir='ltr'>V.</span> <span class='ocrx_word' id='word_1_128' title='bbox 768 3526 847 3587; x_wconf 74' lang='grc' dir='ltr'>δίπί</span> <span class='ocrx_word' id='word_1_129' title='bbox 868 3531 919 3587; x_wconf 82' lang='grc' dir='ltr'>τῶν</span> 
     </span>
     <span class='ocr_line' id='line_1_21' title="bbox 132 3607 918 3691; baseline 0.015 -26"><span class='ocrx_word' id='word_1_130' title='bbox 132 3607 267 3689; x_wconf 82' lang='grc' dir='ltr'>προθόρων</span> <span class='ocrx_word' id='word_1_131' title='bbox 283 3609 398 3672; x_wconf 84' lang='lat' dir='ltr'><strong>Pollux.</strong></span> <span class='ocrx_word' id='word_1_132' title='bbox 411 3617 446 3672; x_wconf 95' lang='lat' dir='ltr'><strong>V.</strong></span> <span class='ocrx_word' id='word_1_133' title='bbox 463 3612 539 3684; x_wconf 74' lang='grc' dir='ltr'>ίδὴ,</span> <span class='ocrx_word' id='word_1_134' title='bbox 554 3616 673 3674; x_wconf 84' lang='lat' dir='ltr'>ironice.</span> <span class='ocrx_word' id='word_1_135' title='bbox 689 3616 782 3691; x_wconf 84' lang='lat' dir='ltr'><strong>Vulgo</strong></span> <span class='ocrx_word' id='word_1_136' title='bbox 795 3614 833 3678; x_wconf 88' lang='grc' dir='ltr'>δί.</span> <span class='ocrx_word' id='word_1_137' title='bbox 850 3622 883 3677; x_wconf 92' lang='lat' dir='ltr'>V.</span> <span class='ocrx_word' id='word_1_138' title='bbox 900 3619 918 3676; x_wconf 89' lang='lat'>6</span> 
     </span>
     <span class='ocr_line' id='line_1_22' title="bbox 134 3699 917 3782; baseline 0.015 -30"><span class='ocrx_word' id='word_1_139' title='bbox 134 3715 235 3754; x_wconf 82' lang='lat' dir='ltr'><strong>vereor</strong></span> <span class='ocrx_word' id='word_1_140' title='bbox 246 3708 279 3756; x_wconf 92' lang='lat' dir='ltr'><strong>ut</strong></span> <span class='ocrx_word' id='word_1_141' title='bbox 294 3700 407 3757; x_wconf 75' lang='lat' dir='ltr'><strong>dicatur</strong></span> <span class='ocrx_word' id='word_1_142' title='bbox 426 3699 583 3767; x_wconf 82' lang='grc' dir='ltr'>Κλεαίνετος</span> <span class='ocrx_word' id='word_1_143' title='bbox 599 3701 613 3757; x_wconf 84' lang='grc' dir='ltr'><strong>ὁ</strong></span> <span class='ocrx_word' id='word_1_144' title='bbox 626 3701 917 3782; x_wconf 79' lang='grc' dir='ltr'>χοροδιδάσκαλος,</span> 
     </span>
     <span class='ocr_line' id='line_1_23' title="bbox 134 3785 919 3868; baseline 0.017 -29"><span class='ocrx_word' id='word_1_145' title='bbox 134 3785 214 3859; x_wconf 83' lang='lat' dir='ltr'><strong>apud</strong></span> <span class='ocrx_word' id='word_1_146' title='bbox 229 3787 389 3846; x_wconf 75' lang='lat' dir='ltr'><strong>AEtcbinem</strong></span> <span class='ocrx_word' id='word_1_147' title='bbox 411 3790 491 3850; x_wconf 85' lang='lat' dir='ltr'><strong>Orat.</strong></span> <span class='ocrx_word' id='word_1_148' title='bbox 507 3790 537 3844; x_wconf 91' lang='lat' dir='ltr'>in</span> <span class='ocrx_word' id='word_1_149' title='bbox 554 3788 700 3848; x_wconf 83' lang='lat' dir='ltr'><strong>Timarcb.</strong></span> <span class='ocrx_word' id='word_1_150' title='bbox 722 3791 739 3865; x_wconf 74' lang='grc'>5</span> <span class='ocrx_word' id='word_1_151' title='bbox 758 3792 808 3867; x_wconf 83' lang='grc'>98,</span> <span class='ocrx_word' id='word_1_152' title='bbox 823 3796 919 3868; x_wconf 81' lang='lat' dir='ltr'><strong>potius</strong></span> 
     </span>
     <span class='ocr_line' id='line_1_24' title="bbox 135 3873 919 3950; baseline 0.009 -20"><span class='ocrx_word' id='word_1_153' title='bbox 135 3891 221 3945; x_wconf 87' lang='lat' dir='ltr'><strong>quam</strong></span> <span class='ocrx_word' id='word_1_154' title='bbox 235 3886 337 3950; x_wconf 84' lang='lat' dir='ltr'><strong>poeta,</strong></span> <span class='ocrx_word' id='word_1_155' title='bbox 353 3873 434 3947; x_wconf 82' lang='lat' dir='ltr'><strong>cujus</strong></span> <span class='ocrx_word' id='word_1_156' title='bbox 444 3876 497 3931; x_wconf 81' lang='lat' dir='ltr'>hoa</span> <span class='ocrx_word' id='word_1_157' title='bbox 510 3895 606 3934; x_wconf 83' lang='lat' dir='ltr'><strong>versus</strong></span> <span class='ocrx_word' id='word_1_158' title='bbox 624 3881 746 3935; x_wconf 82' lang='lat' dir='ltr'><strong>servavit</strong></span> <span class='ocrx_word' id='word_1_159' title='bbox 758 3881 838 3940; x_wconf 89' lang='lat' dir='ltr'><strong>Stob.</strong></span> <span class='ocrx_word' id='word_1_160' title='bbox 853 3882 919 3938; x_wconf 83' lang='lat' dir='ltr'><strong>Flo-</strong></span> 
     </span>
     <span class='ocr_line' id='line_1_25' title="bbox 133 3960 304 4038; baseline 0.018 -23"><span class='ocrx_word' id='word_1_161' title='bbox 133 3961 181 4019; x_wconf 88' lang='lat' dir='ltr'><strong>ril.</strong></span> <span class='ocrx_word' id='word_1_162' title='bbox 200 3980 249 4038; x_wconf 75' lang='lat'>79,</span> <span class='ocrx_word' id='word_1_163' title='bbox 266 3960 304 4018; x_wconf 79' lang='lat'>5:</span> 
     </span>
    </p>
   </div>
   <div class='ocr_carea' id='block_1_7' title="bbox 171 4067 683 4152">
    <p class='ocr_par' dir='ltr' id='par_1_11' title="bbox 171 4067 683 4152">
     <span class='ocr_line' id='line_1_26' title="bbox 171 4067 683 4152; baseline 0.008 -24"><span class='ocrx_word' id='word_1_164' title='bbox 171 4067 333 4152; x_wconf 74' lang='grc' dir='ltr'>γεννητόρων</span> <span class='ocrx_word' id='word_1_165' title='bbox 347 4069 421 4131; x_wconf 84' lang='grc' dir='ltr'>ίειατι</span> <span class='ocrx_word' id='word_1_166' title='bbox 437 4075 574 4132; x_wconf 77' lang='grc' dir='ltr'>κατθανεῖν</span> <span class='ocrx_word' id='word_1_167' title='bbox 587 4073 683 4149; x_wconf 82' lang='grc' dir='ltr'>καλὸν,</span> 
     </span>
    </p>
   </div>
   <div class='ocr_carea' id='block_1_8' title="bbox 128 4210 915 5023">
    <p class='ocr_par' dir='ltr' id='par_1_12' title="bbox 130 4210 269 4276">
     <span class='ocr_line' id='line_1_27' title="bbox 130 4210 269 4276; baseline 0.014 -20"><span class='ocrx_word' id='word_1_168' title='bbox 130 4210 217 4276; x_wconf 79' lang='grc' dir='ltr'>εῐ99,</span> <span class='ocrx_word' id='word_1_169' title='bbox 231 4219 269 4258; x_wconf 82' lang='lat' dir='ltr'>a:</span> 
     </span>
    </p>

    <p class='ocr_par' dir='ltr' id='par_1_13' title="bbox 169 4309 709 4395">
     <span class='ocr_line' id='line_1_28' title="bbox 169 4309 709 4395; baseline 0.004 -26"><span class='ocrx_word' id='word_1_170' title='bbox 169 4309 242 4385; x_wconf 84' lang='grc' dir='ltr'>λύπη</span> <span class='ocrx_word' id='word_1_171' title='bbox 251 4310 301 4394; x_wconf 68' lang='grc' dir='ltr'>γὰρ</span> <span class='ocrx_word' id='word_1_172' title='bbox 314 4312 378 4393; x_wconf 73' lang='grc' dir='ltr'>ὀργή</span> <span class='ocrx_word' id='word_1_173' title='bbox 389 4316 413 4371; x_wconf 89' lang='grc' dir='ltr'>τ’</span> <span class='ocrx_word' id='word_1_174' title='bbox 425 4317 461 4381; x_wconf 86' lang='grc' dir='ltr'>είς</span> <span class='ocrx_word' id='word_1_175' title='bbox 473 4314 518 4374; x_wconf 76' lang='grc' dir='ltr'>ἵνα</span> <span class='ocrx_word' id='word_1_176' title='bbox 532 4317 619 4395; x_wconf 72' lang='grc' dir='ltr'>ψυχῆς</span> <span class='ocrx_word' id='word_1_177' title='bbox 630 4314 709 4374; x_wconf 82' lang='grc' dir='ltr'>τόπον</span> 
     </span>
    </p>

    <p class='ocr_par' dir='ltr' id='par_1_14' title="bbox 128 4398 915 5023">
     <span class='ocr_line' id='line_1_29' title="bbox 172 4398 684 4481; baseline 0.012 -22"><span class='ocrx_word' id='word_1_178' title='bbox 172 4398 283 4459; x_wconf 69' lang='grc' dir='ltr'>ἐλθόντα</span> <span class='ocrx_word' id='word_1_179' title='bbox 294 4400 377 4477; x_wconf 80' lang='grc' dir='ltr'>μανία</span> <span class='ocrx_word' id='word_1_180' title='bbox 391 4408 445 4468; x_wconf 88' lang='grc' dir='ltr'>τοῖς</span> <span class='ocrx_word' id='word_1_181' title='bbox 458 4399 548 4481; x_wconf 84' lang='grc' dir='ltr'>ίχουσι</span> <span class='ocrx_word' id='word_1_182' title='bbox 558 4401 684 4480; x_wconf 85' lang='grc' dir='ltr'>γίγνεται.</span> 
     </span>
     <span class='ocr_line' id='line_1_30' title="bbox 129 4512 914 4594; baseline 0.004 -24"><span class='ocrx_word' id='word_1_183' title='bbox 129 4512 240 4570; x_wconf 82' lang='lat' dir='ltr'><strong>Ibidem</strong></span> <span class='ocrx_word' id='word_1_184' title='bbox 261 4524 289 4570; x_wconf 87' lang='lat' dir='ltr'>et</span> <span class='ocrx_word' id='word_1_185' title='bbox 302 4532 387 4571; x_wconf 84' lang='lat' dir='ltr'><strong>versu</strong></span> <span class='ocrx_word' id='word_1_186' title='bbox 402 4534 417 4585; x_wconf 90' lang='lat'><strong>7</strong></span> <span class='ocrx_word' id='word_1_187' title='bbox 433 4515 500 4571; x_wconf 85' lang='lat' dir='ltr'><strong>libri</strong></span> <span class='ocrx_word' id='word_1_188' title='bbox 519 4527 548 4572; x_wconf 85' lang='lat' dir='ltr'>et</span> <span class='ocrx_word' id='word_1_189' title='bbox 565 4516 693 4571; x_wconf 81' lang='lat' dir='ltr'><strong>Eustath.</strong></span> <span class='ocrx_word' id='word_1_190' title='bbox 711 4537 741 4592; x_wconf 91' lang='lat' dir='ltr'>p.</span> <span class='ocrx_word' id='word_1_191' title='bbox 762 4516 848 4586; x_wconf 80' lang='lat'>1863,</span> <span class='ocrx_word' id='word_1_192' title='bbox 868 4518 914 4594; x_wconf 88' lang='lat'>59,</span> 
     </span>
     <span class='ocr_line' id='line_1_31' title="bbox 129 4596 915 4680; baseline 0.004 -21"><span class='ocrx_word' id='word_1_193' title='bbox 129 4596 236 4659; x_wconf 75' lang='grc' dir='ltr'>πύπστε</span> <span class='ocrx_word' id='word_1_194' title='bbox 252 4597 386 4658; x_wconf 76' lang='grc' dir='ltr'>όπίθαλεν</span> <span class='ocrx_word' id='word_1_195' title='bbox 403 4600 513 4680; x_wconf 81' lang='grc' dir='ltr'>ὀσπρίου</span> <span class='ocrx_word' id='word_1_196' title='bbox 526 4599 614 4669; x_wconf 85' lang='grc' dir='ltr'>λίπος·</span> <span class='ocrx_word' id='word_1_197' title='bbox 631 4600 712 4668; x_wconf 75' lang='grc' dir='ltr'>οὕτως</span> <span class='ocrx_word' id='word_1_198' title='bbox 728 4601 825 4668; x_wconf 86' lang='grc' dir='ltr'>ίκεῖνός</span> <span class='ocrx_word' id='word_1_199' title='bbox 845 4606 915 4662; x_wconf 83' lang='grc' dir='ltr'>ίστιν</span> 
     </span>
     <span class='ocr_line' id='line_1_32' title="bbox 129 4685 913 4769; baseline 0.006 -24"><span class='ocrx_word' id='word_1_200' title='bbox 129 4686 239 4768; x_wconf 78' lang='grc' dir='ltr'>ειῖχερὴς</span> <span class='ocrx_word' id='word_1_201' title='bbox 252 4685 327 4767; x_wconf 73' lang='grc' dir='ltr'>ἀνὴρ,</span> <span class='ocrx_word' id='word_1_202' title='bbox 340 4692 369 4745; x_wconf 92' lang='lat' dir='ltr'>in</span> <span class='ocrx_word' id='word_1_203' title='bbox 379 4691 484 4765; x_wconf 87' lang='lat' dir='ltr'><strong>quibus</strong></span> <span class='ocrx_word' id='word_1_204' title='bbox 495 4692 578 4748; x_wconf 83' lang='lat' dir='ltr'><strong>facile</strong></span> <span class='ocrx_word' id='word_1_205' title='bbox 587 4710 724 4768; x_wconf 79' lang='lat' dir='ltr'><strong>agnoscas</strong></span> <span class='ocrx_word' id='word_1_206' title='bbox 736 4694 913 4769; x_wconf 66' lang='lat' dir='ltr'><strong>glossemata,</strong></span> 
     </span>
     <span class='ocr_line' id='line_1_33' title="bbox 129 4773 915 4857; baseline 0.005 -25"><span class='ocrx_word' id='word_1_207' title='bbox 129 4793 193 4849; x_wconf 67' lang='lat' dir='ltr'><strong>quac</strong></span> <span class='ocrx_word' id='word_1_208' title='bbox 210 4774 286 4849; x_wconf 83' lang='lat' dir='ltr'><strong>ejeci.</strong></span> <span class='ocrx_word' id='word_1_209' title='bbox 304 4773 464 4848; x_wconf 75' lang='grc' dir='ltr'>Ἆπίθαλεν,</span> <span class='ocrx_word' id='word_1_210' title='bbox 487 4779 612 4856; x_wconf 81' lang='lat' dir='ltr'><strong>intellige</strong></span> <span class='ocrx_word' id='word_1_211' title='bbox 635 4776 675 4851; x_wconf 83' lang='grc' dir='ltr'>τί,</span> <span class='ocrx_word' id='word_1_212' title='bbox 698 4780 778 4853; x_wconf 85' lang='lat' dir='ltr'><strong>cujus</strong></span> <span class='ocrx_word' id='word_1_213' title='bbox 804 4783 915 4857; x_wconf 82' lang='lat' dir='ltr'><strong>ellipsin</strong></span> 
     </span>
     <span class='ocr_line' id='line_1_34' title="bbox 128 4864 913 4943; baseline 0.005 -24"><span class='ocrx_word' id='word_1_214' title='bbox 128 4864 272 4940; x_wconf 75' lang='lat' dir='ltr'><strong>attigimus</strong></span> <span class='ocrx_word' id='word_1_215' title='bbox 293 4883 360 4923; x_wconf 84' lang='lat' dir='ltr'><strong>ann.</strong></span> <span class='ocrx_word' id='word_1_216' title='bbox 383 4864 684 4939; x_wconf 80' lang='lat' dir='ltr'><strong>adlliad.18,3ba;</strong></span> <span class='ocrx_word' id='word_1_217' title='bbox 705 4868 741 4924; x_wconf 82' lang='lat' dir='ltr'>cl.</span> <span class='ocrx_word' id='word_1_218' title='bbox 764 4869 865 4943; x_wconf 78' lang='lat' dir='ltr'><strong>odyss.</strong></span> <span class='ocrx_word' id='word_1_219' title='bbox 884 4868 913 4940; x_wconf 80' lang='lat'>5,</span> 
     </span>
     <span class='ocr_line' id='line_1_35' title="bbox 130 4957 270 5023; baseline 0 -16"><span class='ocrx_word' id='word_1_220' title='bbox 130 4957 201 5023; x_wconf 63' lang='lat' dir='ltr'><strong>loo,</strong></span> <span class='ocrx_word' id='word_1_221' title='bbox 215 4963 270 5009; x_wconf 89' lang='lat' dir='ltr'><strong>etc.</strong></span> 
     </span>
    </p>
   </div>
   <div class='ocr_carea' id='block_1_9' title="bbox 500 5086 545 5126">
    <p class='ocr_par' dir='ltr' id='par_1_15' title="bbox 500 5086 545 5126">
     <span class='ocr_line' id='line_1_36' title="bbox 500 5086 545 5126; baseline 0.089 -4"><span class='ocrx_word' id='word_1_222' title='bbox 500 5086 545 5126; x_wconf 91' lang='lat'><strong>10.</strong></span> 
     </span>
    </p>
   </div>
   <div class='ocr_carea' id='block_1_10' title="bbox 128 5176 913 5437">
    <p class='ocr_par' dir='ltr' id='par_1_16' title="bbox 128 5176 913 5437">
     <span class='ocr_line' id='line_1_37' title="bbox 168 5176 913 5256; baseline 0.004 -22"><span class='ocrx_word' id='word_1_223' title='bbox 168 5176 341 5255; x_wconf 76' lang='lat' dir='ltr'><strong>Chrysippus</strong></span> <span class='ocrx_word' id='word_1_224' title='bbox 360 5198 409 5255; x_wconf 82' lang='lat' dir='ltr'>ap.</span> <span class='ocrx_word' id='word_1_225' title='bbox 428 5181 528 5239; x_wconf 87' lang='lat' dir='ltr'><strong>lltben.</strong></span> <span class='ocrx_word' id='word_1_226' title='bbox 549 5180 597 5250; x_wconf 83' lang='lat'>13,</span> <span class='ocrx_word' id='word_1_227' title='bbox 617 5200 648 5256; x_wconf 84' lang='lat' dir='ltr'><strong>p.</strong></span> <span class='ocrx_word' id='word_1_228' title='bbox 667 5179 735 5252; x_wconf 81' lang='lat'><strong>565,</strong></span> <span class='ocrx_word' id='word_1_229' title='bbox 756 5185 801 5240; x_wconf 74' lang='lat' dir='ltr'>A:</span> <span class='ocrx_word' id='word_1_230' title='bbox 822 5179 867 5239; x_wconf 82' lang='grc' dir='ltr'>καί</span> <span class='ocrx_word' id='word_1_231' title='bbox 886 5182 913 5239; x_wconf 78' lang='lat' dir='ltr'>lv</span> 
     </span>
     <span class='ocr_line' id='line_1_38' title="bbox 128 5263 912 5349; baseline 0.003 -24"><span class='ocrx_word' id='word_1_232' title='bbox 128 5263 248 5337; x_wconf 78' lang='grc' dir='ltr'>Ἀθήναις</span> <span class='ocrx_word' id='word_1_233' title='bbox 265 5269 432 5346; x_wconf 74' lang='grc' dir='ltr'>διατηροῦσιν</span> <span class='ocrx_word' id='word_1_234' title='bbox 453 5270 482 5326; x_wconf 82' lang='grc' dir='ltr'>ού</span> <span class='ocrx_word' id='word_1_235' title='bbox 498 5267 612 5348; x_wconf 76' lang='grc' dir='ltr'>σφόδρα,</span> <span class='ocrx_word' id='word_1_236' title='bbox 628 5266 745 5348; x_wconf 80' lang='grc' dir='ltr'>όρχαίων</span> <span class='ocrx_word' id='word_1_237' title='bbox 770 5270 852 5346; x_wconf 85' lang='lat' dir='ltr'><strong>(libri</strong></span> <span class='ocrx_word' id='word_1_238' title='bbox 866 5272 912 5349; x_wconf 83' lang='grc' dir='ltr'>ἀρ·</span> 
     </span>
     <span class='ocr_line' id='line_1_39' title="bbox 128 5354 913 5437; baseline 0.004 -26"><span class='ocrx_word' id='word_1_239' title='bbox 128 5355 220 5434; x_wconf 78' lang='grc' dir='ltr'>χαῖον)</span> <span class='ocrx_word' id='word_1_240' title='bbox 234 5354 279 5414; x_wconf 83' lang='grc' dir='ltr'>τδν</span> <span class='ocrx_word' id='word_1_241' title='bbox 291 5358 395 5436; x_wconf 81' lang='grc' dir='ltr'>πρῶτον</span> <span class='ocrx_word' id='word_1_242' title='bbox 413 5354 635 5437; x_wconf 80' lang='grc' dir='ltr'>προσκειρόμενον</span> <span class='ocrx_word' id='word_1_243' title='bbox 650 5355 820 5436; x_wconf 77' lang='grc' dir='ltr'>παρωνύμιον</span> <span class='ocrx_word' id='word_1_244' title='bbox 842 5358 913 5434; x_wconf 74' lang='grc' dir='ltr'>ἔχειν</span> 
     </span>
    </p>
   </div>
   <div class='ocr_carea' id='block_1_11' title="bbox 128 5441 674 5526">
    <p class='ocr_par' dir='ltr' id='par_1_17' title="bbox 128 5441 674 5526">
     <span class='ocr_line' id='line_1_40' title="bbox 128 5441 674 5526; baseline 0.005 -26"><span class='ocrx_word' id='word_1_245' title='bbox 128 5441 227 5523; x_wconf 89' lang='grc' dir='ltr'>κόρσην</span> <span class='ocrx_word' id='word_1_246' title='bbox 241 5442 365 5523; x_wconf 83' lang='lat' dir='ltr'><strong>(eaput).</strong></span> <span class='ocrx_word' id='word_1_247' title='bbox 381 5444 420 5503; x_wconf 87' lang='grc' dir='ltr'>διδ</span> <span class='ocrx_word' id='word_1_248' title='bbox 430 5444 475 5503; x_wconf 80' lang='grc' dir='ltr'>καί</span> <span class='ocrx_word' id='word_1_249' title='bbox 485 5442 545 5505; x_wconf 64' lang='lat' dir='ltr'>*Ali</span> <span class='ocrx_word' id='word_1_250' title='bbox 557 5444 606 5526; x_wconf 78' lang='grc' dir='ltr'>ἔφη</span> <span class='ocrx_word' id='word_1_251' title='bbox 622 5467 674 5504; x_wconf 90' lang='grc' dir='ltr'>που</span> 
     </span>
    </p>
   </div>
   <div class='ocr_carea' id='block_1_12' title="bbox 164 5612 769 5687">
    <p class='ocr_par' dir='ltr' id='par_1_18' title="bbox 164 5612 769 5687">
     <span class='ocr_line' id='line_1_41' title="bbox 164 5612 769 5687; baseline 0 -20"><span class='ocrx_word' id='word_1_252' title='bbox 164 5614 311 5686; x_wconf 81' lang='lat' dir='ltr'><strong>opprimit,</strong></span> <span class='ocrx_word' id='word_1_253' title='bbox 324 5613 467 5686; x_wconf 79' lang='lat' dir='ltr'><strong>aufertque</strong></span> <span class='ocrx_word' id='word_1_254' title='bbox 481 5629 545 5686; x_wconf 83' lang='lat' dir='ltr'><strong>quae</strong></span> <span class='ocrx_word' id='word_1_255' title='bbox 557 5613 635 5687; x_wconf 83' lang='lat' dir='ltr'><strong>prius</strong></span> <span class='ocrx_word' id='word_1_256' title='bbox 649 5612 769 5670; x_wconf 83' lang='lat' dir='ltr'><strong>dederet.</strong></span> 
     </span>
    </p>
   </div>
   <div class='ocr_carea' id='block_1_13' title="bbox 127 5732 913 6413">
    <p class='ocr_par' dir='ltr' id='par_1_19' title="bbox 127 5732 913 6413">
     <span class='ocr_line' id='line_1_42' title="bbox 505 5732 532 5782; baseline -0.074 0"><span class='ocrx_word' id='word_1_257' title='bbox 505 5732 532 5782; x_wconf 82' lang='lat'><strong>9.</strong></span> 
     </span>
     <span class='ocr_line' id='line_1_43' title="bbox 199 5812 501 5879; baseline 0 -9"><span class='ocrx_word' id='word_1_258' title='bbox 199 5842 235 5855; x_wconf 91' lang='lat'>-</span> <span class='ocrx_word' id='word_1_259' title='bbox 250 5816 290 5870; x_wconf 86' lang='lat' dir='ltr'>Ne</span> <span class='ocrx_word' id='word_1_260' title='bbox 299 5812 396 5870; x_wconf 79' lang='lat' dir='ltr'><strong>lauetae</strong></span> <span class='ocrx_word' id='word_1_261' title='bbox 410 5812 501 5879; x_wconf 82' lang='grc' dir='ltr'>Ιιοιεε,</span> 
     </span>
     <span class='ocr_line' id='line_1_44' title="bbox 163 5897 913 5974; baseline -0.007 -15"><span class='ocrx_word' id='word_1_262' title='bbox 163 5899 305 5969; x_wconf 62' lang='lat' dir='ltr'><strong>eumue,</strong></span> <span class='ocrx_word' id='word_1_263' title='bbox 315 5902 444 5959; x_wconf 85' lang='lat' dir='ltr'><strong>eveniant</strong></span> <span class='ocrx_word' id='word_1_264' title='bbox 457 5902 502 5959; x_wconf 81' lang='lat' dir='ltr'><strong>leti</strong></span> <span class='ocrx_word' id='word_1_265' title='bbox 512 5943 520 5970; x_wconf 84' lang='grc'>,</span> <span class='ocrx_word' id='word_1_266' title='bbox 530 5901 577 5974; x_wconf 90' lang='lat' dir='ltr'><strong>qui</strong></span> <span class='ocrx_word' id='word_1_267' title='bbox 588 5899 759 5973; x_wconf 82' lang='lat' dir='ltr'><strong>lupinorum,</strong></span> <span class='ocrx_word' id='word_1_268' title='bbox 777 5914 846 5972; x_wconf 90' lang='lat' dir='ltr'><strong>quos</strong></span> <span class='ocrx_word' id='word_1_269' title='bbox 856 5897 913 5955; x_wconf 87' lang='lat' dir='ltr'><strong>edit</strong></span> 
     </span>
     <span class='ocr_line' id='line_1_45' title="bbox 165 5987 622 6061; baseline -0.004 -18"><span class='ocrx_word' id='word_1_270' title='bbox 165 5987 346 6053; x_wconf 75' lang='lat' dir='ltr'><strong>investibulo.</strong></span> <span class='ocrx_word' id='word_1_271' title='bbox 356 5988 499 6061; x_wconf 84' lang='lat' dir='ltr'><strong>putamina</strong></span> <span class='ocrx_word' id='word_1_272' title='bbox 513 5987 622 6060; x_wconf 84' lang='lat' dir='ltr'><strong>reliquit</strong></span> 
     </span>
     <span class='ocr_line' id='line_1_46' title="bbox 163 6070 839 6144; baseline -0.004 -14"><span class='ocrx_word' id='word_1_273' title='bbox 163 6088 215 6131; x_wconf 88' lang='lat' dir='ltr'>nee</span> <span class='ocrx_word' id='word_1_274' title='bbox 224 6071 358 6132; x_wconf 74' lang='lat' dir='ltr'><strong>devoratis</strong></span> <span class='ocrx_word' id='word_1_275' title='bbox 371 6075 406 6131; x_wconf 82' lang='lat' dir='ltr'>iia</span> <span class='ocrx_word' id='word_1_276' title='bbox 417 6074 569 6132; x_wconf 77' lang='lat' dir='ltr'><strong>suffocatus</strong></span> <span class='ocrx_word' id='word_1_277' title='bbox 580 6076 636 6129; x_wconf 89' lang='lat' dir='ltr'><strong>est!</strong></span> <span class='ocrx_word' id='word_1_278' title='bbox 651 6087 718 6129; x_wconf 88' lang='lat' dir='ltr'><strong>sane</strong></span> <span class='ocrx_word' id='word_1_279' title='bbox 728 6070 839 6144; x_wconf 87' lang='lat' dir='ltr'><strong>quidem</strong></span> 
     </span>
     <span class='ocr_line' id='line_1_47' title="bbox 127 6161 850 6229; baseline -0.006 -9"><span class='ocrx_word' id='word_1_280' title='bbox 127 6171 145 6220; x_wconf 77' lang='lat'>⁵</span> <span class='ocrx_word' id='word_1_281' title='bbox 162 6164 314 6222; x_wconf 74' lang='lat' dir='ltr'><strong>OEeoeuettu</strong></span> <span class='ocrx_word' id='word_1_282' title='bbox 327 6164 440 6221; x_wconf 88' lang='lat' dir='ltr'><strong>minime</strong></span> <span class='ocrx_word' id='word_1_283' title='bbox 450 6163 576 6221; x_wconf 88' lang='lat' dir='ltr'><strong>omnium</strong></span> <span class='ocrx_word' id='word_1_284' title='bbox 589 6161 715 6229; x_wconf 73' lang='lat' dir='ltr'><strong>edituos,</strong></span> <span class='ocrx_word' id='word_1_285' title='bbox 731 6161 850 6227; x_wconf 78' lang='lat' dir='ltr'><strong>eutecio,</strong></span> 
     </span>
     <span class='ocr_line' id='line_1_48' title="bbox 163 6250 697 6324; baseline -0.002 -16"><span class='ocrx_word' id='word_1_286' title='bbox 163 6252 283 6324; x_wconf 72' lang='lat' dir='ltr'><strong>uaginis</strong></span> <span class='ocrx_word' id='word_1_287' title='bbox 296 6266 303 6304; x_wconf 90' lang='lat'>:</span> <span class='ocrx_word' id='word_1_288' title='bbox 315 6250 419 6309; x_wconf 79' lang='lat' dir='ltr'><strong>nullius</strong></span> <span class='ocrx_word' id='word_1_289' title='bbox 435 6253 508 6308; x_wconf 87' lang='lat' dir='ltr'><strong>enim</strong></span> <span class='ocrx_word' id='word_1_290' title='bbox 518 6252 556 6309; x_wconf 86' lang='lat' dir='ltr'>rei</span> <span class='ocrx_word' id='word_1_291' title='bbox 575 6267 697 6324; x_wconf 84' lang='lat' dir='ltr'><strong>unquam</strong></span> 
     </span>
     <span class='ocr_line' id='line_1_49' title="bbox 163 6337 733 6413; baseline 0 -17"><span class='ocrx_word' id='word_1_292' title='bbox 163 6338 261 6412; x_wconf 70' lang='lat' dir='ltr'><strong>abiecit</strong></span> <span class='ocrx_word' id='word_1_293' title='bbox 272 6337 421 6413; x_wconf 74' lang='grc' dir='ltr'>φιῖόαυειιι</span> <span class='ocrx_word' id='word_1_294' title='bbox 433 6360 440 6397; x_wconf 91' lang='lat'>:</span> <span class='ocrx_word' id='word_1_295' title='bbox 453 6348 510 6398; x_wconf 86' lang='lat' dir='ltr'>tam</span> <span class='ocrx_word' id='word_1_296' title='bbox 522 6339 671 6397; x_wconf 74' lang='lat' dir='ltr'><strong>tolleravit</strong></span> <span class='ocrx_word' id='word_1_297' title='bbox 684 6348 733 6396; x_wconf 70' lang='lat' dir='ltr'><strong>eat.</strong></span> 
     </span>
    </p>
   </div>
   <div class='ocr_carea' id='block_1_14' title="bbox 236 6446 689 6485">
    <p class='ocr_par' dir='ltr' id='par_1_20' title="bbox 236 6446 689 6485">
     <span class='ocr_line' id='line_1_50' title="bbox 236 6446 689 6485; baseline 0.002 -2"><span class='ocrx_word' id='word_1_298' title='bbox 236 6446 377 6484; x_wconf 59' lang='lat' dir='ltr'>mcum</span> <span class='ocrx_word' id='word_1_299' title='bbox 397 6448 532 6484; x_wconf 70' lang='grc' dir='ltr'>ωΙΙῦθΜίΙ</span> <span class='ocrx_word' id='word_1_300' title='bbox 546 6446 689 6485; x_wconf 71' lang='grc' dir='ltr'>ίέῖῖίῑῦθῖίΰΙΙ.</span> 
     </span>
    </p>
   </div>
   <div class='ocr_carea' id='block_1_15' title="bbox 1699 1523 1755 1573">
    <p class='ocr_par' dir='ltr' id='par_1_21' title="bbox 1699 1523 1755 1573">
     <span class='ocr_line' id='line_1_51' title="bbox 1699 1523 1755 1573; baseline 0.054 -3"><span class='ocrx_word' id='word_1_301' title='bbox 1699 1523 1755 1573; x_wconf 65' lang='lat' dir='ltr'>Sl?</span> 
     </span>
    </p>
   </div>
   <div class='ocr_carea' id='block_1_16' title="bbox 1024 1609 1637 1737">
    <p class='ocr_par' dir='ltr' id='par_1_22' title="bbox 1024 1609 1637 1737">
     <span class='ocr_line' id='line_1_52' title="bbox 1389 1609 1400 1630; baseline 0 0"><span class='ocrx_word' id='word_1_302' title='bbox 1389 1609 1400 1630; x_wconf 87' lang='lat'><strong>.</strong></span> 
     </span>
     <span class='ocr_line' id='line_1_53' title="bbox 1024 1627 1637 1737; baseline 0.01 -32"><span class='ocrx_word' id='word_1_303' title='bbox 1024 1627 1066 1705; x_wconf 73' lang='grc' dir='ltr'>λν</span> <span class='ocrx_word' id='word_1_304' title='bbox 1079 1642 1351 1733; x_wconf 88' lang='grc' dir='ltr'>πιττοκοπούμενόν</span> <span class='ocrx_word' id='word_1_305' title='bbox 1365 1641 1420 1707; x_wconf 80' lang='grc' dir='ltr'>τιν’</span> <span class='ocrx_word' id='word_1_306' title='bbox 1435 1642 1452 1717; x_wconf 77' lang='grc' dir='ltr'>ί.</span> <span class='ocrx_word' id='word_1_307' title='bbox 1468 1638 1637 1737; x_wconf 73' lang='grc' dir='ltr'>ξυρούμενον</span> 
     </span>
    </p>
   </div>
   <div class='ocr_carea' id='block_1_17' title="bbox 975 1747 1754 2473">
    <p class='ocr_par' dir='ltr' id='par_1_23' title="bbox 1023 1747 1562 1842">
     <span class='ocr_line' id='line_1_54' title="bbox 1023 1747 1562 1842; baseline 0.009 -33"><span class='ocrx_word' id='word_1_308' title='bbox 1023 1748 1090 1834; x_wconf 81' lang='grc' dir='ltr'>όρᾷς</span> <span class='ocrx_word' id='word_1_309' title='bbox 1171 1747 1285 1813; x_wconf 87' lang='grc' dir='ltr'>τούτων</span> <span class='ocrx_word' id='word_1_310' title='bbox 1299 1749 1364 1836; x_wconf 80' lang='grc' dir='ltr'>ἔχει</span> <span class='ocrx_word' id='word_1_311' title='bbox 1380 1774 1410 1813; x_wconf 92' lang='grc' dir='ltr'>τι</span> <span class='ocrx_word' id='word_1_312' title='bbox 1430 1747 1562 1842; x_wconf 89' lang='grc' dir='ltr'>θοίτερον·</span> 
     </span>
    </p>

    <p class='ocr_par' dir='ltr' id='par_1_24' title="bbox 1023 1849 1667 2050">
     <span class='ocr_line' id='line_1_55' title="bbox 1023 1849 1667 1946; baseline 0.009 -31"><span class='ocrx_word' id='word_1_313' title='bbox 1023 1876 1041 1921; x_wconf 87' lang='grc' dir='ltr'><strong>η</strong></span> <span class='ocrx_word' id='word_1_314' title='bbox 1055 1849 1113 1943; x_wconf 79' lang='grc' dir='ltr'>γὰρ</span> <span class='ocrx_word' id='word_1_315' title='bbox 1127 1856 1289 1944; x_wconf 85' lang='grc' dir='ltr'>στρατείαν</span> <span class='ocrx_word' id='word_1_316' title='bbox 1302 1855 1428 1920; x_wconf 75' lang='grc' dir='ltr'>ἐπινοεῖν</span> <span class='ocrx_word' id='word_1_317' title='bbox 1439 1880 1497 1946; x_wconf 80' lang='grc' dir='ltr'>μοι</span> <span class='ocrx_word' id='word_1_318' title='bbox 1506 1854 1645 1946; x_wconf 82' lang='grc' dir='ltr'>φαίνεται</span> <span class='ocrx_word' id='word_1_319' title='bbox 1660 1907 1667 1940; x_wconf 94' lang='grc'>,</span> 
     </span>
     <span class='ocr_line' id='line_1_56' title="bbox 1023 1951 1599 2050; baseline 0.014 -31"><span class='ocrx_word' id='word_1_320' title='bbox 1023 1954 1041 2027; x_wconf 82' lang='grc' dir='ltr'>ἢ</span> <span class='ocrx_word' id='word_1_321' title='bbox 1053 1955 1156 2022; x_wconf 79' lang='grc' dir='ltr'>πάντα</span> <span class='ocrx_word' id='word_1_322' title='bbox 1165 1965 1211 2042; x_wconf 83' lang='grc' dir='ltr'>τῷ</span> <span class='ocrx_word' id='word_1_323' title='bbox 1224 1961 1350 2050; x_wconf 79' lang='grc' dir='ltr'>πώγωνι</span> <span class='ocrx_word' id='word_1_324' title='bbox 1363 1951 1382 2024; x_wconf 95' lang='grc' dir='ltr'>δ</span> <span class='ocrx_word' id='word_1_325' title='bbox 1386 1963 1437 2049; x_wconf 86' lang='grc' dir='ltr'>ρι’ῖν</span> <span class='ocrx_word' id='word_1_326' title='bbox 1455 1962 1578 2026; x_wconf 77' lang='grc' dir='ltr'>ἐναντία</span> <span class='ocrx_word' id='word_1_327' title='bbox 1590 2012 1599 2043; x_wconf 96' lang='grc'>,</span> 
     </span>
    </p>

    <p class='ocr_par' dir='ltr' id='par_1_25' title="bbox 975 2056 1754 2473">
     <span class='ocr_line' id='line_1_57' title="bbox 975 2056 1706 2157; baseline 0.01 -30"><span class='ocrx_word' id='word_1_328' title='bbox 975 2056 995 2127; x_wconf 83' lang='grc'><em>5</em></span> <span class='ocrx_word' id='word_1_329' title='bbox 1023 2061 1049 2126; x_wconf 89' lang='grc' dir='ltr'>εί</span> <span class='ocrx_word' id='word_1_330' title='bbox 1064 2064 1245 2128; x_wconf 85' lang='grc' dir='ltr'>πλουσιακὸν</span> <span class='ocrx_word' id='word_1_331' title='bbox 1254 2066 1350 2148; x_wconf 87' lang='grc' dir='ltr'>τούτῳ</span> <span class='ocrx_word' id='word_1_332' title='bbox 1363 2091 1395 2130; x_wconf 91' lang='grc' dir='ltr'>τι</span> <span class='ocrx_word' id='word_1_333' title='bbox 1412 2064 1592 2157; x_wconf 88' lang='grc' dir='ltr'>προσπίπτει</span> <span class='ocrx_word' id='word_1_334' title='bbox 1602 2068 1706 2134; x_wconf 88' lang='grc' dir='ltr'>κακόν.</span> 
     </span>
     <span class='ocr_line' id='line_1_58' title="bbox 1023 2163 1754 2263; baseline 0.008 -34"><span class='ocrx_word' id='word_1_335' title='bbox 1023 2164 1062 2229; x_wconf 90' lang='grc' dir='ltr'>Τί</span> <span class='ocrx_word' id='word_1_336' title='bbox 1070 2165 1172 2256; x_wconf 84' lang='grc' dir='ltr'>τρίχες</span> <span class='ocrx_word' id='word_1_337' title='bbox 1186 2164 1243 2259; x_wconf 78' lang='grc' dir='ltr'>γὰρ</span> <span class='ocrx_word' id='word_1_338' title='bbox 1252 2165 1265 2258; x_wconf 84' lang='lat'>(</span> <span class='ocrx_word' id='word_1_339' title='bbox 1273 2163 1322 2259; x_wconf 78' lang='grc' dir='ltr'>ἂν)</span> <span class='ocrx_word' id='word_1_340' title='bbox 1331 2175 1475 2236; x_wconf 83' lang='grc' dir='ltr'>λυποῦσιν</span> <span class='ocrx_word' id='word_1_341' title='bbox 1484 2174 1575 2262; x_wconf 77' lang='grc' dir='ltr'>ὑμᾶς,</span> <span class='ocrx_word' id='word_1_342' title='bbox 1586 2173 1658 2263; x_wconf 89' lang='grc' dir='ltr'>πρὸς</span> <span class='ocrx_word' id='word_1_343' title='bbox 1669 2172 1754 2256; x_wconf 84' lang='grc' dir='ltr'>θεῶν,</span> 
     </span>
     <span class='ocr_line' id='line_1_59' title="bbox 1021 2260 1607 2367; baseline 0.014 -34"><span class='ocrx_word' id='word_1_344' title='bbox 1021 2260 1071 2334; x_wconf 85' lang='grc' dir='ltr'>δι’·</span> <span class='ocrx_word' id='word_1_345' title='bbox 1081 2265 1115 2348; x_wconf 84' lang='grc' dir='ltr'>οῖς</span> <span class='ocrx_word' id='word_1_346' title='bbox 1130 2270 1339 2363; x_wconf 69' lang='grc' dir='ltr'>ἀνδρίκαστος</span> <span class='ocrx_word' id='word_1_347' title='bbox 1353 2280 1441 2364; x_wconf 75' lang='grc' dir='ltr'>ἡμῶν</span> <span class='ocrx_word' id='word_1_348' title='bbox 1458 2274 1607 2367; x_wconf 81' lang='grc' dir='ltr'>φαίνεται,</span> 
     </span>
     <span class='ocr_line' id='line_1_60' title="bbox 1021 2375 1680 2473; baseline 0.011 -33"><span class='ocrx_word' id='word_1_349' title='bbox 1021 2375 1047 2441; x_wconf 84' lang='grc' dir='ltr'>εί</span> <span class='ocrx_word' id='word_1_350' title='bbox 1065 2380 1108 2466; x_wconf 75' lang='grc' dir='ltr'>μή</span> <span class='ocrx_word' id='word_1_351' title='bbox 1122 2380 1288 2455; x_wconf 80' lang='grc' dir='ltr'>τιτούτοις</span> <span class='ocrx_word' id='word_1_352' title='bbox 1302 2378 1535 2473; x_wconf 70' lang='grc' dir='ltr'>ἀντιπράττεσθ’</span> <span class='ocrx_word' id='word_1_353' title='bbox 1553 2386 1680 2466; x_wconf 72' lang='grc' dir='ltr'>ἐπινοεῖ,</span> 
     </span>
    </p>
   </div>
   <div class='ocr_carea' id='block_1_18' title="bbox 965 2551 1817 3668">
    <p class='ocr_par' dir='ltr' id='par_1_26' title="bbox 965 2551 1817 3668">
     <span class='ocr_line' id='line_1_61' title="bbox 972 2551 1754 2638; baseline 0.013 -28"><span class='ocrx_word' id='word_1_354' title='bbox 972 2557 1002 2611; x_wconf 90' lang='lat' dir='ltr'>V.</span> <span class='ocrx_word' id='word_1_355' title='bbox 1019 2575 1030 2610; x_wconf 92' lang='grc' dir='ltr'>ι</span> <span class='ocrx_word' id='word_1_356' title='bbox 1045 2551 1091 2614; x_wconf 70' lang='lat' dir='ltr'>*lv</span> <span class='ocrx_word' id='word_1_357' title='bbox 1103 2557 1213 2616; x_wconf 78' lang='lat' dir='ltr'><strong>addidit</strong></span> <span class='ocrx_word' id='word_1_358' title='bbox 1226 2560 1310 2615; x_wconf 87' lang='lat' dir='ltr'><strong>lllein.</strong></span> <span class='ocrx_word' id='word_1_359' title='bbox 1328 2559 1590 2634; x_wconf 85' lang='grc' dir='ltr'>Πεττοκοπούμενον,</span> <span class='ocrx_word' id='word_1_360' title='bbox 1610 2570 1754 2638; x_wconf 79' lang='lat' dir='ltr'><strong>piceatum</strong></span> 
     </span>
     <span class='ocr_line' id='line_1_62' title="bbox 970 2644 1754 2729; baseline 0.014 -32"><span class='ocrx_word' id='word_1_361' title='bbox 970 2644 1080 2717; x_wconf 82' lang='lat' dir='ltr'><strong>capite,</strong></span> <span class='ocrx_word' id='word_1_362' title='bbox 1098 2656 1132 2699; x_wconf 92' lang='lat' dir='ltr'><strong>ut</strong></span> <span class='ocrx_word' id='word_1_363' title='bbox 1148 2645 1178 2701; x_wconf 91' lang='lat' dir='ltr'>id</span> <span class='ocrx_word' id='word_1_364' title='bbox 1195 2645 1353 2720; x_wconf 76' lang='lat' dir='ltr'><strong>depiletur,</strong></span> <span class='ocrx_word' id='word_1_365' title='bbox 1369 2666 1462 2723; x_wconf 90' lang='lat' dir='ltr'><strong>eoque</strong></span> <span class='ocrx_word' id='word_1_366' title='bbox 1484 2648 1624 2706; x_wconf 82' lang='lat' dir='ltr'><strong>firmetur.</strong></span> <span class='ocrx_word' id='word_1_367' title='bbox 1647 2650 1754 2729; x_wconf 89' lang='grc' dir='ltr'>Ξυρού-</span> 
     </span>
     <span class='ocr_line' id='line_1_63' title="bbox 969 2733 1753 2808; baseline 0.017 -24"><span class='ocrx_word' id='word_1_368' title='bbox 969 2749 1056 2803; x_wconf 88' lang='grc' dir='ltr'>μινον,</span> <span class='ocrx_word' id='word_1_369' title='bbox 1068 2743 1194 2800; x_wconf 82' lang='lat' dir='ltr'><strong>tonsum,</strong></span> <span class='ocrx_word' id='word_1_370' title='bbox 1207 2733 1308 2789; x_wconf 85' lang='lat' dir='ltr'><strong>eodem</strong></span> <span class='ocrx_word' id='word_1_371' title='bbox 1322 2736 1453 2794; x_wconf 83' lang='lat' dir='ltr'><strong>consilio.</strong></span> <span class='ocrx_word' id='word_1_372' title='bbox 1469 2738 1634 2795; x_wconf 84' lang='lat' dir='ltr'><strong>Herodotus</strong></span> <span class='ocrx_word' id='word_1_373' title='bbox 1647 2738 1671 2808; x_wconf 84' lang='grc'>3,</span> <span class='ocrx_word' id='word_1_374' title='bbox 1695 2760 1726 2795; x_wconf 97' lang='grc' dir='ltr'>ιι</span> <span class='ocrx_word' id='word_1_375' title='bbox 1745 2758 1753 2799; x_wconf 78' lang='lat' dir='ltr'>t</span> 
     </span>
     <span class='ocr_line' id='line_1_64' title="bbox 969 2813 1754 2900; baseline 0.017 -29"><span class='ocrx_word' id='word_1_376' title='bbox 969 2813 996 2872; x_wconf 86' lang='grc' dir='ltr'>αί</span> <span class='ocrx_word' id='word_1_377' title='bbox 1009 2814 1057 2891; x_wconf 83' lang='grc' dir='ltr'>μίν</span> <span class='ocrx_word' id='word_1_378' title='bbox 1069 2819 1121 2875; x_wconf 81' lang='grc' dir='ltr'>τῶν</span> <span class='ocrx_word' id='word_1_379' title='bbox 1132 2817 1256 2898; x_wconf 84' lang='grc' dir='ltr'>Περαίων</span> <span class='ocrx_word' id='word_1_380' title='bbox 1267 2820 1379 2900; x_wconf 83' lang='grc' dir='ltr'>κεραλαί</span> <span class='ocrx_word' id='word_1_381' title='bbox 1393 2822 1444 2880; x_wconf 87' lang='grc' dir='ltr'>είσι</span> <span class='ocrx_word' id='word_1_382' title='bbox 1455 2822 1573 2891; x_wconf 76' lang='grc' dir='ltr'>ἀσθενέες</span> <span class='ocrx_word' id='word_1_383' title='bbox 1583 2824 1660 2898; x_wconf 84' lang='grc' dir='ltr'>ούτω,</span> <span class='ocrx_word' id='word_1_384' title='bbox 1675 2823 1754 2899; x_wconf 80' lang='grc' dir='ltr'>ὥστε,</span> 
     </span>
     <span class='ocr_line' id='line_1_65' title="bbox 969 2902 1817 2989; baseline 0.017 -29"><span class='ocrx_word' id='word_1_385' title='bbox 969 2904 992 2960; x_wconf 80' lang='grc' dir='ltr'>εἰ</span> <span class='ocrx_word' id='word_1_386' title='bbox 1013 2902 1095 2969; x_wconf 65' lang='lat' dir='ltr'><strong>teitu</strong></span> <span class='ocrx_word' id='word_1_387' title='bbox 1109 2905 1190 2987; x_wconf 67' lang='grc' dir='ltr'>ψήφῳ</span> <span class='ocrx_word' id='word_1_388' title='bbox 1207 2906 1291 2987; x_wconf 81' lang='grc' dir='ltr'>μούνῃ</span> <span class='ocrx_word' id='word_1_389' title='bbox 1315 2908 1437 2986; x_wconf 82' lang='grc' dir='ltr'>βαλίειν,</span> <span class='ocrx_word' id='word_1_390' title='bbox 1460 2911 1657 2989; x_wconf 77' lang='grc' dir='ltr'>διατετρανέεις·</span> <span class='ocrx_word' id='word_1_391' title='bbox 1679 2916 1706 2971; x_wconf 89' lang='grc' dir='ltr'>αί</span> <span class='ocrx_word' id='word_1_392' title='bbox 1725 2915 1753 2973; x_wconf 76' lang='grc' dir='ltr'>δὲ</span> <span class='ocrx_word' id='word_1_393' title='bbox 1812 2932 1817 2940; x_wconf 91' lang='grc'><em>·</em></span> 
     </span>
     <span class='ocr_line' id='line_1_66' title="bbox 967 2992 1753 3081; baseline 0.018 -35"><span class='ocrx_word' id='word_1_394' title='bbox 967 2993 1018 3050; x_wconf 81' lang='grc' dir='ltr'>τῶν</span> <span class='ocrx_word' id='word_1_395' title='bbox 1033 2993 1185 3069; x_wconf 81' lang='grc' dir='ltr'>Αἰγυπτίων</span> <span class='ocrx_word' id='word_1_396' title='bbox 1198 2992 1268 3054; x_wconf 65' lang='lat' dir='ltr'>otto</span> <span class='ocrx_word' id='word_1_397' title='bbox 1281 2995 1313 3067; x_wconf 68' lang='grc' dir='ltr'>δή</span> <span class='ocrx_word' id='word_1_398' title='bbox 1327 3020 1352 3055; x_wconf 88' lang='grc' dir='ltr'>τι</span> <span class='ocrx_word' id='word_1_399' title='bbox 1365 2997 1485 3076; x_wconf 82' lang='grc' dir='ltr'>ίσχυραί,</span> <span class='ocrx_word' id='word_1_400' title='bbox 1500 3003 1535 3065; x_wconf 80' lang='grc' dir='ltr'>ὡς</span> <span class='ocrx_word' id='word_1_401' title='bbox 1545 2998 1620 3080; x_wconf 78' lang='grc' dir='ltr'>μόγις</span> <span class='ocrx_word' id='word_1_402' title='bbox 1642 2999 1675 3060; x_wconf 81' lang='grc' dir='ltr'>δν</span> <span class='ocrx_word' id='word_1_403' title='bbox 1688 3002 1753 3081; x_wconf 82' lang='grc' dir='ltr'>λίθῳ</span> 
     </span>
     <span class='ocr_line' id='line_1_67' title="bbox 968 3078 1753 3164; baseline 0.014 -28"><span class='ocrx_word' id='word_1_404' title='bbox 968 3078 1065 3146; x_wconf 89' lang='grc' dir='ltr'>παίσας</span> <span class='ocrx_word' id='word_1_405' title='bbox 1080 3081 1254 3162; x_wconf 79' lang='grc' dir='ltr'>διαρρήξειας.</span> <span class='ocrx_word' id='word_1_406' title='bbox 1270 3083 1353 3142; x_wconf 88' lang='grc' dir='ltr'>αίτιον</span> <span class='ocrx_word' id='word_1_407' title='bbox 1374 3085 1402 3143; x_wconf 79' lang='lat' dir='ltr'>di</span> <span class='ocrx_word' id='word_1_408' title='bbox 1419 3084 1511 3164; x_wconf 86' lang='grc' dir='ltr'>τούτου</span> <span class='ocrx_word' id='word_1_409' title='bbox 1523 3086 1581 3145; x_wconf 81' lang='grc' dir='ltr'>τόδε</span> <span class='ocrx_word' id='word_1_410' title='bbox 1597 3086 1696 3163; x_wconf 81' lang='grc' dir='ltr'>ίλεγον,</span> <span class='ocrx_word' id='word_1_411' title='bbox 1713 3088 1753 3147; x_wconf 80' lang='grc' dir='ltr'>ὅτε</span> 
     </span>
     <span class='ocr_line' id='line_1_68' title="bbox 967 3166 1752 3256; baseline 0.014 -31"><span class='ocrx_word' id='word_1_412' title='bbox 967 3166 1107 3245; x_wconf 86' lang='grc' dir='ltr'>Αίγύπτιοε</span> <span class='ocrx_word' id='word_1_413' title='bbox 1118 3168 1179 3247; x_wconf 74' lang='grc' dir='ltr'>μίν,</span> <span class='ocrx_word' id='word_1_414' title='bbox 1188 3168 1283 3230; x_wconf 88' lang='grc' dir='ltr'>αύτίκα</span> <span class='ocrx_word' id='word_1_415' title='bbox 1291 3172 1344 3232; x_wconf 75' lang='grc' dir='ltr'>ὰπὸ</span> <span class='ocrx_word' id='word_1_416' title='bbox 1356 3172 1468 3233; x_wconf 86' lang='grc' dir='ltr'>παιδίων</span> <span class='ocrx_word' id='word_1_417' title='bbox 1479 3172 1632 3253; x_wconf 82' lang='grc' dir='ltr'>όρξόμενοι,</span> <span class='ocrx_word' id='word_1_418' title='bbox 1648 3174 1752 3256; x_wconf 78' lang='grc' dir='ltr'>ξυρεῖν·</span> 
     </span>
     <span class='ocr_line' id='line_1_69' title="bbox 966 3255 1752 3341; baseline 0.013 -29"><span class='ocrx_word' id='word_1_419' title='bbox 966 3277 1010 3313; x_wconf 90' lang='grc' dir='ltr'>ται</span> <span class='ocrx_word' id='word_1_420' title='bbox 1024 3255 1214 3339; x_wconf 77' lang='grc' dir='ltr'>τίιςκεραλδς,</span> <span class='ocrx_word' id='word_1_421' title='bbox 1237 3259 1282 3317; x_wconf 80' lang='grc' dir='ltr'>καί</span> <span class='ocrx_word' id='word_1_422' title='bbox 1304 3259 1368 3340; x_wconf 82' lang='grc' dir='ltr'>πρός</span> <span class='ocrx_word' id='word_1_423' title='bbox 1389 3260 1432 3320; x_wconf 81' lang='grc' dir='ltr'>τὸν</span> <span class='ocrx_word' id='word_1_424' title='bbox 1457 3260 1530 3337; x_wconf 75' lang='grc' dir='ltr'>Ιίίλιον</span> <span class='ocrx_word' id='word_1_425' title='bbox 1553 3262 1699 3341; x_wconf 81' lang='grc' dir='ltr'>παχύνεται</span> <span class='ocrx_word' id='word_1_426' title='bbox 1723 3265 1752 3322; x_wconf 85' lang='grc' dir='ltr'>τὸ</span> 
     </span>
     <span class='ocr_line' id='line_1_70' title="bbox 966 3344 1751 3426; baseline 0.011 -24"><span class='ocrx_word' id='word_1_427' title='bbox 966 3344 1065 3405; x_wconf 67' lang='lat' dir='ltr'><strong>tatto.</strong></span> <span class='ocrx_word' id='word_1_428' title='bbox 1080 3348 1151 3406; x_wconf 88' lang='lat' dir='ltr'><strong>Inde</strong></span> <span class='ocrx_word' id='word_1_429' title='bbox 1165 3350 1298 3426; x_wconf 82' lang='lat' dir='ltr'><strong>colligas,</strong></span> <span class='ocrx_word' id='word_1_430' title='bbox 1311 3351 1424 3408; x_wconf 88' lang='lat' dir='ltr'><strong>tonderi</strong></span> <span class='ocrx_word' id='word_1_431' title='bbox 1442 3353 1541 3408; x_wconf 83' lang='lat' dir='ltr'><strong>solitos</strong></span> <span class='ocrx_word' id='word_1_432' title='bbox 1550 3352 1635 3409; x_wconf 85' lang='lat' dir='ltr'><strong>fuisse</strong></span> <span class='ocrx_word' id='word_1_433' title='bbox 1649 3356 1751 3411; x_wconf 79' lang='lat' dir='ltr'><strong>milites</strong></span> 
     </span>
     <span class='ocr_line' id='line_1_71' title="bbox 965 3430 1748 3516; baseline 0.006 -24"><span class='ocrx_word' id='word_1_434' title='bbox 965 3439 1075 3494; x_wconf 81' lang='lat' dir='ltr'><strong>Atticos</strong></span> <span class='ocrx_word' id='word_1_435' title='bbox 1084 3482 1093 3513; x_wconf 88' lang='lat'>,</span> <span class='ocrx_word' id='word_1_436' title='bbox 1102 3430 1135 3494; x_wconf 87' lang='lat' dir='ltr'><strong>ut</strong></span> <span class='ocrx_word' id='word_1_437' title='bbox 1148 3441 1242 3515; x_wconf 85' lang='lat' dir='ltr'><strong>capita</strong></span> <span class='ocrx_word' id='word_1_438' title='bbox 1255 3458 1364 3510; x_wconf 78' lang='lat' dir='ltr'><strong>eorum,</strong></span> <span class='ocrx_word' id='word_1_439' title='bbox 1374 3441 1427 3497; x_wconf 75' lang='lat' dir='ltr'><strong>noli</strong></span> <span class='ocrx_word' id='word_1_440' title='bbox 1441 3440 1595 3497; x_wconf 86' lang='lat' dir='ltr'><strong>identidem</strong></span> <span class='ocrx_word' id='word_1_441' title='bbox 1610 3444 1748 3516; x_wconf 83' lang='lat' dir='ltr'><strong>exposita,</strong></span> 
     </span>
     <span class='ocr_line' id='line_1_72' title="bbox 966 3524 1751 3603; baseline 0.006 -23"><span class='ocrx_word' id='word_1_442' title='bbox 966 3524 1147 3584; x_wconf 68' lang='lat' dir='ltr'><strong>ducar-enuit.</strong></span> <span class='ocrx_word' id='word_1_443' title='bbox 1164 3530 1265 3584; x_wconf 67' lang='lat' dir='ltr'><strong>Versus</strong></span> <span class='ocrx_word' id='word_1_444' title='bbox 1276 3545 1292 3583; x_wconf 83' lang='lat' dir='ltr'><strong>a</strong></span> <span class='ocrx_word' id='word_1_445' title='bbox 1305 3528 1433 3586; x_wconf 83' lang='lat' dir='ltr'><strong>delectus</strong></span> <span class='ocrx_word' id='word_1_446' title='bbox 1445 3540 1486 3586; x_wconf 75' lang='lat' dir='ltr'>est</span> <span class='ocrx_word' id='word_1_447' title='bbox 1499 3549 1506 3584; x_wconf 82' lang='grc' dir='ltr'>ι</span> <span class='ocrx_word' id='word_1_448' title='bbox 1524 3548 1610 3603; x_wconf 87' lang='lat' dir='ltr'><strong>quem</strong></span> <span class='ocrx_word' id='word_1_449' title='bbox 1629 3532 1669 3584; x_wconf 86' lang='lat' dir='ltr'>sic</span> <span class='ocrx_word' id='word_1_450' title='bbox 1680 3534 1751 3585; x_wconf 77' lang='lat' dir='ltr'><strong>scri·</strong></span> 
     </span>
     <span class='ocr_line' id='line_1_73' title="bbox 966 3613 1030 3668; baseline 0.016 -1"><span class='ocrx_word' id='word_1_451' title='bbox 966 3613 1030 3668; x_wconf 86' lang='lat' dir='ltr'>bam</span> 
     </span>
    </p>
   </div>
   <div class='ocr_carea' id='block_1_19' title="bbox 1013 3738 1640 3840">
    <p class='ocr_par' dir='ltr' id='par_1_27' title="bbox 1013 3738 1640 3840">
     <span class='ocr_line' id='line_1_74' title="bbox 1013 3738 1640 3840; baseline 0.008 -32"><span class='ocrx_word' id='word_1_452' title='bbox 1013 3743 1135 3835; x_wconf 84' lang='grc' dir='ltr'>ἑόρακας</span> <span class='ocrx_word' id='word_1_453' title='bbox 1149 3738 1239 3837; x_wconf 81' lang='grc' dir='ltr'>(ἂν),</span> <span class='ocrx_word' id='word_1_454' title='bbox 1255 3747 1372 3812; x_wconf 90' lang='grc' dir='ltr'>τούτων</span> <span class='ocrx_word' id='word_1_455' title='bbox 1388 3748 1491 3840; x_wconf 85' lang='grc' dir='ltr'>ῖχεετε</span> <span class='ocrx_word' id='word_1_456' title='bbox 1509 3745 1640 3840; x_wconf 88' lang='grc' dir='ltr'>θοίτερον.</span> 
     </span>
    </p>
   </div>
   <div class='ocr_carea' id='block_1_20' title="bbox 960 3901 1751 4505">
    <p class='ocr_par' dir='ltr' id='par_1_28' title="bbox 960 3901 1751 4505">
     <span class='ocr_line' id='line_1_75' title="bbox 964 3901 1751 3973; baseline 0.006 -18"><span class='ocrx_word' id='word_1_457' title='bbox 964 3901 1021 3957; x_wconf 74' lang='lat' dir='ltr'><strong>Alii</strong></span> <span class='ocrx_word' id='word_1_458' title='bbox 1036 3903 1118 3958; x_wconf 86' lang='lat' dir='ltr'><strong>aliter</strong></span> <span class='ocrx_word' id='word_1_459' title='bbox 1140 3913 1294 3961; x_wconf 85' lang='lat' dir='ltr'><strong>tentarunt.</strong></span> <span class='ocrx_word' id='word_1_460' title='bbox 1315 3907 1347 3963; x_wconf 92' lang='lat' dir='ltr'><strong>V.</strong></span> <span class='ocrx_word' id='word_1_461' title='bbox 1373 3911 1389 3970; x_wconf 70' lang='lat' dir='ltr'><strong>t</strong></span> <span class='ocrx_word' id='word_1_462' title='bbox 1413 3901 1430 3973; x_wconf 78' lang='grc' dir='ltr'>ἣ</span> <span class='ocrx_word' id='word_1_463' title='bbox 1454 3902 1547 3961; x_wconf 77' lang='grc' dir='ltr'>τεκαὶ</span> <span class='ocrx_word' id='word_1_464' title='bbox 1569 3908 1751 3960; x_wconf 83' lang='lat' dir='ltr'><strong>commutatis</strong></span> 
     </span>
     <span class='ocr_line' id='line_1_76' title="bbox 965 3988 1743 4067; baseline 0.004 -23"><span class='ocrx_word' id='word_1_465' title='bbox 965 3988 1011 4064; x_wconf 88' lang='lat' dir='ltr'><strong>(ut</strong></span> <span class='ocrx_word' id='word_1_466' title='bbox 1032 3992 1082 4049; x_wconf 83' lang='lat' dir='ltr'><strong>llr.</strong></span> <span class='ocrx_word' id='word_1_467' title='bbox 1108 3992 1215 4048; x_wconf 78' lang='lat' dir='ltr'><strong>Eccles.</strong></span> <span class='ocrx_word' id='word_1_468' title='bbox 1239 3990 1311 4066; x_wconf 74' lang='grc'>437)</span> <span class='ocrx_word' id='word_1_469' title='bbox 1335 3991 1401 4047; x_wconf 89' lang='lat' dir='ltr'><strong>libri</strong></span> <span class='ocrx_word' id='word_1_470' title='bbox 1424 3990 1469 4047; x_wconf 88' lang='grc' dir='ltr'>καί</span> <span class='ocrx_word' id='word_1_471' title='bbox 1498 3991 1593 4048; x_wconf 81' lang='grc' dir='ltr'>πάντα.</span> <span class='ocrx_word' id='word_1_472' title='bbox 1619 3988 1743 4067; x_wconf 82' lang='grc' dir='ltr'>Πύγωνι,</span> 
     </span>
     <span class='ocr_line' id='line_1_77' title="bbox 964 4077 1751 4154; baseline 0.005 -24"><span class='ocrx_word' id='word_1_473' title='bbox 964 4077 1077 4145; x_wconf 66' lang='lat' dir='ltr'>barbae,</span> <span class='ocrx_word' id='word_1_474' title='bbox 1100 4077 1129 4134; x_wconf 87' lang='lat' dir='ltr'>b.</span> <span class='ocrx_word' id='word_1_475' title='bbox 1148 4097 1174 4135; x_wconf 91' lang='grc' dir='ltr'>ε.</span> <span class='ocrx_word' id='word_1_476' title='bbox 1194 4077 1334 4152; x_wconf 80' lang='lat' dir='ltr'><strong>barbatis,</strong></span> <span class='ocrx_word' id='word_1_477' title='bbox 1349 4080 1428 4137; x_wconf 81' lang='lat' dir='ltr'><strong>viris.</strong></span> <span class='ocrx_word' id='word_1_478' title='bbox 1453 4080 1503 4135; x_wconf 87' lang='lat' dir='ltr'><strong>llis</strong></span> <span class='ocrx_word' id='word_1_479' title='bbox 1519 4091 1604 4154; x_wconf 86' lang='lat' dir='ltr'><strong>poeta</strong></span> <span class='ocrx_word' id='word_1_480' title='bbox 1627 4082 1751 4154; x_wconf 87' lang='lat' dir='ltr'><strong>opponit</strong></span> 
     </span>
     <span class='ocr_line' id='line_1_78' title="bbox 963 4166 1747 4243; baseline 0.004 -23"><span class='ocrx_word' id='word_1_481' title='bbox 963 4183 1027 4237; x_wconf 86' lang='lat' dir='ltr'><strong>eos,</strong></span> <span class='ocrx_word' id='word_1_482' title='bbox 1042 4168 1092 4241; x_wconf 91' lang='lat' dir='ltr'><strong>qui</strong></span> <span class='ocrx_word' id='word_1_483' title='bbox 1105 4166 1255 4223; x_wconf 85' lang='lat' dir='ltr'><strong>muliebria</strong></span> <span class='ocrx_word' id='word_1_484' title='bbox 1273 4169 1435 4242; x_wconf 87' lang='lat' dir='ltr'><strong>patiuntur,</strong></span> <span class='ocrx_word' id='word_1_485' title='bbox 1451 4178 1480 4223; x_wconf 87' lang='lat' dir='ltr'>et</span> <span class='ocrx_word' id='word_1_486' title='bbox 1496 4169 1701 4243; x_wconf 87' lang='lat' dir='ltr'><strong>opulentorum</strong></span> <span class='ocrx_word' id='word_1_487' title='bbox 1716 4169 1747 4224; x_wconf 88' lang='lat' dir='ltr'>id</span> 
     </span>
     <span class='ocr_line' id='line_1_79' title="bbox 963 4252 1743 4324; baseline 0.004 -15"><span class='ocrx_word' id='word_1_488' title='bbox 963 4255 1068 4309; x_wconf 84' lang='lat' dir='ltr'><strong>malum</strong></span> <span class='ocrx_word' id='word_1_489' title='bbox 1090 4272 1139 4310; x_wconf 89' lang='lat' dir='ltr'><strong>seu</strong></span> <span class='ocrx_word' id='word_1_490' title='bbox 1152 4254 1253 4309; x_wconf 83' lang='lat' dir='ltr'><strong>vitium</strong></span> <span class='ocrx_word' id='word_1_491' title='bbox 1267 4265 1353 4310; x_wconf 81' lang='lat' dir='ltr'><strong>vocat</strong></span> <span class='ocrx_word' id='word_1_492' title='bbox 1373 4274 1399 4312; x_wconf 87' lang='grc' dir='ltr'>ιι.</span> <span class='ocrx_word' id='word_1_493' title='bbox 1418 4252 1445 4324; x_wconf 85' lang='lat'>5,</span> <span class='ocrx_word' id='word_1_494' title='bbox 1464 4254 1514 4308; x_wconf 95' lang='lat' dir='ltr'><strong>ubi</strong></span> <span class='ocrx_word' id='word_1_495' title='bbox 1529 4255 1616 4314; x_wconf 88' lang='lat' dir='ltr'><strong>codd.</strong></span> <span class='ocrx_word' id='word_1_496' title='bbox 1638 4252 1743 4322; x_wconf 78' lang='grc' dir='ltr'>ιιιιιίεῆ</span> 
     </span>
     <span class='ocr_line' id='line_1_80' title="bbox 962 4340 1745 4417; baseline 0.001 -20"><span class='ocrx_word' id='word_1_497' title='bbox 962 4341 1056 4398; x_wconf 89' lang='grc' dir='ltr'>πλουσ.</span> <span class='ocrx_word' id='word_1_498' title='bbox 1073 4341 1212 4397; x_wconf 89' lang='lat' dir='ltr'><strong>Voculam</strong></span> <span class='ocrx_word' id='word_1_499' title='bbox 1232 4361 1257 4396; x_wconf 90' lang='grc' dir='ltr'>τι</span> <span class='ocrx_word' id='word_1_500' title='bbox 1280 4340 1393 4397; x_wconf 88' lang='lat' dir='ltr'><strong>addidit</strong></span> <span class='ocrx_word' id='word_1_501' title='bbox 1411 4342 1548 4417; x_wconf 83' lang='lat' dir='ltr'><strong>Meinek.;</strong></span> <span class='ocrx_word' id='word_1_502' title='bbox 1569 4342 1618 4399; x_wconf 84' lang='lat' dir='ltr'>sed</span> <span class='ocrx_word' id='word_1_503' title='bbox 1638 4361 1692 4417; x_wconf 86' lang='lat' dir='ltr'>ego</span> <span class='ocrx_word' id='word_1_504' title='bbox 1706 4345 1745 4398; x_wconf 81' lang='lat' dir='ltr'>sic</span> 
     </span>
     <span class='ocr_line' id='line_1_81' title="bbox 960 4429 1247 4505; baseline -0.003 -20"><span class='ocrx_word' id='word_1_505' title='bbox 960 4429 1141 4487; x_wconf 86' lang='lat' dir='ltr'><strong>scribendum</strong></span> <span class='ocrx_word' id='word_1_506' title='bbox 1154 4441 1225 4505; x_wconf 89' lang='lat' dir='ltr'><strong>puto</strong></span> <span class='ocrx_word' id='word_1_507' title='bbox 1242 4452 1247 4483; x_wconf 90' lang='lat'>:</span> 
     </span>
    </p>
   </div>
   <div class='ocr_carea' id='block_1_21' title="bbox 1011 4581 1744 4674">
    <p class='ocr_par' dir='ltr' id='par_1_29' title="bbox 1011 4581 1744 4674">
     <span class='ocr_line' id='line_1_82' title="bbox 1011 4581 1744 4674; baseline 0.003 -29"><span class='ocrx_word' id='word_1_508' title='bbox 1011 4581 1035 4646; x_wconf 84' lang='grc' dir='ltr'>εί</span> <span class='ocrx_word' id='word_1_509' title='bbox 1049 4583 1232 4648; x_wconf 84' lang='grc' dir='ltr'>πλουσιακὸν</span> <span class='ocrx_word' id='word_1_510' title='bbox 1249 4584 1351 4667; x_wconf 88' lang='grc' dir='ltr'>τούτῳ</span> <span class='ocrx_word' id='word_1_511' title='bbox 1363 4607 1398 4674; x_wconf 87' lang='grc' dir='ltr'>γε</span> <span class='ocrx_word' id='word_1_512' title='bbox 1414 4584 1619 4671; x_wconf 76' lang='grc' dir='ltr'>προσέπιπτεν</span> <span class='ocrx_word' id='word_1_513' title='bbox 1638 4584 1744 4648; x_wconf 91' lang='grc' dir='ltr'>κακόν.</span> 
     </span>
    </p>
   </div>
   <div class='ocr_carea' id='block_1_22' title="bbox 960 4735 1748 5358">
    <p class='ocr_par' dir='ltr' id='par_1_30' title="bbox 960 4735 1748 5358">
     <span class='ocr_line' id='line_1_83' title="bbox 960 4735 1748 4830; baseline -0.004 -21"><span class='ocrx_word' id='word_1_514' title='bbox 960 4754 1053 4812; x_wconf 88' lang='lat' dir='ltr'><strong>Codd.</strong></span> <span class='ocrx_word' id='word_1_515' title='bbox 1067 4755 1111 4809; x_wconf 90' lang='lat' dir='ltr'>PV</span> <span class='ocrx_word' id='word_1_516' title='bbox 1126 4735 1217 4810; x_wconf 72' lang='grc' dir='ltr'>τοῦτον</span> <span class='ocrx_word' id='word_1_517' title='bbox 1232 4764 1260 4809; x_wconf 89' lang='lat' dir='ltr'>et</span> <span class='ocrx_word' id='word_1_518' title='bbox 1278 4771 1344 4808; x_wconf 85' lang='lat' dir='ltr'><strong>curn</strong></span> <span class='ocrx_word' id='word_1_519' title='bbox 1359 4749 1580 4830; x_wconf 74' lang='grc' dir='ltr'>[προσπίπτειν.</span> <span class='ocrx_word' id='word_1_520' title='bbox 1596 4754 1630 4809; x_wconf 94' lang='lat' dir='ltr'><strong>V.</strong></span> <span class='ocrx_word' id='word_1_521' title='bbox 1647 4751 1664 4807; x_wconf 89' lang='lat'><strong>6</strong></span> <span class='ocrx_word' id='word_1_522' title='bbox 1679 4752 1748 4825; x_wconf 83' lang='grc' dir='ltr'>ὑμᾶς</span> 
     </span>
     <span class='ocr_line' id='line_1_84' title="bbox 961 4839 1744 4914; baseline -0.003 -18"><span class='ocrx_word' id='word_1_523' title='bbox 961 4842 1050 4898; x_wconf 88' lang='lat' dir='ltr'><strong>iidem</strong></span> <span class='ocrx_word' id='word_1_524' title='bbox 1060 4842 1126 4896; x_wconf 86' lang='lat' dir='ltr'><strong>libri</strong></span> <span class='ocrx_word' id='word_1_525' title='bbox 1141 4852 1231 4911; x_wconf 81' lang='lat' dir='ltr'><strong>recte,</strong></span> <span class='ocrx_word' id='word_1_526' title='bbox 1241 4839 1381 4914; x_wconf 76' lang='lat' dir='ltr'><strong>siqnidem</strong></span> <span class='ocrx_word' id='word_1_527' title='bbox 1396 4852 1495 4896; x_wconf 82' lang='lat' dir='ltr'><strong>tonsos</strong></span> <span class='ocrx_word' id='word_1_528' title='bbox 1508 4841 1612 4896; x_wconf 76' lang='lat' dir='ltr'><strong>milites</strong></span> <span class='ocrx_word' id='word_1_529' title='bbox 1622 4841 1744 4914; x_wconf 88' lang='lat' dir='ltr'><strong>compel-</strong></span> 
     </span>
     <span class='ocr_line' id='line_1_85' title="bbox 961 4927 1745 5005; baseline -0.001 -20"><span class='ocrx_word' id='word_1_530' title='bbox 961 4932 1016 5001; x_wconf 87' lang='lat' dir='ltr'><strong>lat,</strong></span> <span class='ocrx_word' id='word_1_531' title='bbox 1034 4948 1105 5005; x_wconf 81' lang='lat' dir='ltr'><strong>aegre</strong></span> <span class='ocrx_word' id='word_1_532' title='bbox 1121 4928 1213 4985; x_wconf 81' lang='lat' dir='ltr'><strong>serene</strong></span> <span class='ocrx_word' id='word_1_533' title='bbox 1228 4927 1317 4986; x_wconf 85' lang='lat' dir='ltr'><strong>barba</strong></span> <span class='ocrx_word' id='word_1_534' title='bbox 1336 4946 1432 4985; x_wconf 85' lang='lat' dir='ltr'><strong>carere</strong></span> <span class='ocrx_word' id='word_1_535' title='bbox 1450 4929 1529 4998; x_wconf 80' lang='lat' dir='ltr'><strong>illos,</strong></span> <span class='ocrx_word' id='word_1_536' title='bbox 1543 4947 1616 5002; x_wconf 87' lang='lat' dir='ltr'><strong>qnos</strong></span> <span class='ocrx_word' id='word_1_537' title='bbox 1634 4930 1745 5004; x_wconf 80' lang='lat' dir='ltr'><strong>signum</strong></span> 
     </span>
     <span class='ocr_line' id='line_1_86' title="bbox 961 5015 1743 5091; baseline 0 -18"><span class='ocrx_word' id='word_1_538' title='bbox 961 5017 991 5074; x_wconf 93' lang='lat' dir='ltr'>id</span> <span class='ocrx_word' id='word_1_539' title='bbox 1003 5019 1130 5074; x_wconf 84' lang='lat' dir='ltr'><strong>virorum</strong></span> <span class='ocrx_word' id='word_1_540' title='bbox 1148 5017 1281 5074; x_wconf 75' lang='lat' dir='ltr'><strong>maxime·</strong></span> <span class='ocrx_word' id='word_1_541' title='bbox 1291 5016 1399 5074; x_wconf 87' lang='lat' dir='ltr'><strong>deceat.</strong></span> <span class='ocrx_word' id='word_1_542' title='bbox 1421 5017 1536 5090; x_wconf 79' lang='lat' dir='ltr'><strong>Reliqui</strong></span> <span class='ocrx_word' id='word_1_543' title='bbox 1555 5015 1642 5075; x_wconf 89' lang='lat' dir='ltr'><strong>codd.</strong></span> <span class='ocrx_word' id='word_1_544' title='bbox 1655 5018 1743 5091; x_wconf 73' lang='grc' dir='ltr'>ἡμᾶς,</span> 
     </span>
     <span class='ocr_line' id='line_1_87' title="bbox 961 5104 1742 5181; baseline -0.003 -19"><span class='ocrx_word' id='word_1_545' title='bbox 961 5126 1026 5162; x_wconf 88' lang='lat' dir='ltr'><strong>cum</strong></span> <span class='ocrx_word' id='word_1_546' title='bbox 1040 5106 1202 5176; x_wconf 81' lang='lat' dir='ltr'><strong>Eustathio,</strong></span> <span class='ocrx_word' id='word_1_547' title='bbox 1215 5108 1267 5181; x_wconf 89' lang='lat' dir='ltr'><strong>qui</strong></span> <span class='ocrx_word' id='word_1_548' title='bbox 1283 5124 1380 5161; x_wconf 78' lang='lat' dir='ltr'><strong>versus</strong></span> <span class='ocrx_word' id='word_1_549' title='bbox 1395 5104 1413 5160; x_wconf 88' lang='lat'><strong>6</strong></span> <span class='ocrx_word' id='word_1_550' title='bbox 1428 5114 1456 5161; x_wconf 86' lang='lat' dir='ltr'>et</span> <span class='ocrx_word' id='word_1_551' title='bbox 1472 5124 1488 5175; x_wconf 82' lang='lat'><strong>7</strong></span> <span class='ocrx_word' id='word_1_552' title='bbox 1504 5104 1587 5168; x_wconf 76' lang='lat' dir='ltr'><strong>affert</strong></span> <span class='ocrx_word' id='word_1_553' title='bbox 1602 5124 1632 5180; x_wconf 87' lang='lat' dir='ltr'><strong>p.</strong></span> <span class='ocrx_word' id='word_1_554' title='bbox 1653 5124 1742 5180; x_wconf 82' lang='lat'>¹9¹0·</span> 
     </span>
     <span class='ocr_line' id='line_1_88' title="bbox 962 5191 1746 5271; baseline -0.004 -21"><span class='ocrx_word' id='word_1_555' title='bbox 962 5194 990 5253; x_wconf 82' lang='lat'><strong>3.</strong></span> <span class='ocrx_word' id='word_1_556' title='bbox 1005 5198 1038 5252; x_wconf 90' lang='lat' dir='ltr'><strong>V.</strong></span> <span class='ocrx_word' id='word_1_557' title='bbox 1058 5196 1201 5265; x_wconf 82' lang='lat' dir='ltr'><strong>7scribo,</strong></span> <span class='ocrx_word' id='word_1_558' title='bbox 1215 5214 1305 5269; x_wconf 89' lang='lat' dir='ltr'><strong>quum</strong></span> <span class='ocrx_word' id='word_1_559' title='bbox 1327 5191 1394 5271; x_wconf 74' lang='grc' dir='ltr'>ἀνὴρ</span> <span class='ocrx_word' id='word_1_560' title='bbox 1420 5193 1491 5250; x_wconf 79' lang='lat' dir='ltr'><strong>thesi</strong></span> <span class='ocrx_word' id='word_1_561' title='bbox 1512 5194 1685 5249; x_wconf 86' lang='lat' dir='ltr'><strong>occultatum</strong></span> <span class='ocrx_word' id='word_1_562' title='bbox 1710 5194 1746 5248; x_wconf 82' lang='lat' dir='ltr'>sit</span> 
     </span>
     <span class='ocr_line' id='line_1_89' title="bbox 960 5294 1182 5358; baseline -0.014 -17"><span class='ocrx_word' id='word_1_563' title='bbox 960 5295 1059 5341; x_wconf 85' lang='lat' dir='ltr'><strong>contra</strong></span> <span class='ocrx_word' id='word_1_564' title='bbox 1075 5294 1182 5358; x_wconf 85' lang='lat' dir='ltr'><strong>artem,</strong></span> 
     </span>
    </p>
   </div>
   <div class='ocr_carea' id='block_1_23' title="bbox 905 5417 1693 5524">
    <p class='ocr_par' dir='ltr' id='par_1_31' title="bbox 905 5417 1693 5524">
     <span class='ocr_line' id='line_1_90' title="bbox 905 5417 1693 5524; baseline -0.005 -25"><span class='ocrx_word' id='word_1_565' title='bbox 905 5459 909 5469; x_wconf 94' lang='lat'>·</span> <span class='ocrx_word' id='word_1_566' title='bbox 1009 5423 1051 5498; x_wconf 90' lang='grc' dir='ltr'>δι’</span> <span class='ocrx_word' id='word_1_567' title='bbox 1068 5428 1103 5510; x_wconf 85' lang='grc' dir='ltr'>ἃς</span> <span class='ocrx_word' id='word_1_568' title='bbox 1120 5417 1247 5509; x_wconf 77' lang='grc' dir='ltr'>ἕκαστος</span> <span class='ocrx_word' id='word_1_569' title='bbox 1261 5433 1335 5524; x_wconf 82' lang='grc' dir='ltr'>ἀντίρ</span> <span class='ocrx_word' id='word_1_570' title='bbox 1349 5427 1436 5522; x_wconf 61' lang='grc' dir='ltr'>(τις)</span> <span class='ocrx_word' id='word_1_571' title='bbox 1447 5438 1532 5521; x_wconf 74' lang='grc' dir='ltr'>ἡμῶν</span> <span class='ocrx_word' id='word_1_572' title='bbox 1549 5431 1693 5521; x_wconf 87' lang='grc' dir='ltr'>ραίνεται.</span> 
     </span>
    </p>
   </div>
   <div class='ocr_carea' id='block_1_24' title="bbox 1331 5621 1371 5669">
    <p class='ocr_par' dir='ltr' id='par_1_32' title="bbox 1331 5621 1371 5669">
     <span class='ocr_line' id='line_1_91' title="bbox 1331 5621 1371 5669; baseline 0 -1"><span class='ocrx_word' id='word_1_573' title='bbox 1331 5621 1371 5669; x_wconf 84' lang='grc'>10.</span> 
     </span>
    </p>
   </div>
   <div class='ocr_carea' id='block_1_25' title="bbox 993 5724 1616 5953">
    <p class='ocr_par' dir='ltr' id='par_1_33' title="bbox 993 5724 1616 5953">
     <span class='ocr_line' id='line_1_92' title="bbox 994 5724 1616 5800; baseline -0.008 -15"><span class='ocrx_word' id='word_1_574' title='bbox 994 5730 1024 5786; x_wconf 91' lang='lat' dir='ltr'>Si</span> <span class='ocrx_word' id='word_1_575' title='bbox 1039 5728 1149 5800; x_wconf 81' lang='lat' dir='ltr'><strong>piceatis</strong></span> <span class='ocrx_word' id='word_1_576' title='bbox 1157 5727 1275 5800; x_wconf 84' lang='lat' dir='ltr'><strong>aliquem</strong></span> <span class='ocrx_word' id='word_1_577' title='bbox 1288 5726 1425 5790; x_wconf 82' lang='lat' dir='ltr'><strong>crinibus,</strong></span> <span class='ocrx_word' id='word_1_578' title='bbox 1439 5724 1480 5781; x_wconf 85' lang='lat' dir='ltr'>vel</span> <span class='ocrx_word' id='word_1_579' title='bbox 1491 5733 1616 5792; x_wconf 79' lang='lat' dir='ltr'><strong>tonsum,</strong></span> 
     </span>
     <span class='ocr_line' id='line_1_93' title="bbox 993 5801 1493 5881; baseline -0.03 -11"><span class='ocrx_word' id='word_1_580' title='bbox 993 5814 1098 5881; x_wconf 76' lang='lat' dir='ltr'><strong>vidisti,</strong></span> <span class='ocrx_word' id='word_1_581' title='bbox 1110 5811 1208 5871; x_wconf 90' lang='lat' dir='ltr'><strong>horum</strong></span> <span class='ocrx_word' id='word_1_582' title='bbox 1222 5809 1385 5866; x_wconf 84' lang='lat' dir='ltr'><strong>alterutrum</strong></span> <span class='ocrx_word' id='word_1_583' title='bbox 1393 5801 1493 5859; x_wconf 87' lang='lat' dir='ltr'><strong>babet:</strong></span> 
     </span>
     <span class='ocr_line' id='line_1_94' title="bbox 993 5880 1583 5953; baseline -0.015 -9"><span class='ocrx_word' id='word_1_584' title='bbox 993 5895 1042 5944; x_wconf 84' lang='lat' dir='ltr'><strong>eut</strong></span> <span class='ocrx_word' id='word_1_585' title='bbox 1053 5887 1127 5943; x_wconf 89' lang='lat' dir='ltr'><strong>enim</strong></span> <span class='ocrx_word' id='word_1_586' title='bbox 1140 5884 1208 5941; x_wconf 89' lang='lat' dir='ltr'><strong>mihi</strong></span> <span class='ocrx_word' id='word_1_587' title='bbox 1219 5883 1321 5940; x_wconf 88' lang='lat' dir='ltr'><strong>bellum</strong></span> <span class='ocrx_word' id='word_1_588' title='bbox 1334 5882 1454 5953; x_wconf 78' lang='lat' dir='ltr'><strong>cogitare</strong></span> <span class='ocrx_word' id='word_1_589' title='bbox 1467 5880 1583 5946; x_wconf 81' lang='lat' dir='ltr'><strong>videtur,</strong></span> 
     </span>
    </p>
   </div>
   <div class='ocr_carea' id='block_1_26' title="bbox 958 5969 1698 6316">
    <p class='ocr_par' dir='ltr' id='par_1_34' title="bbox 993 5969 1503 6044">
     <span class='ocr_line' id='line_1_95' title="bbox 993 5969 1503 6044; baseline -0.02 -11"><span class='ocrx_word' id='word_1_590' title='bbox 993 5985 1041 6033; x_wconf 89' lang='lat' dir='ltr'><strong>aut</strong></span> <span class='ocrx_word' id='word_1_591' title='bbox 1053 5976 1146 6032; x_wconf 87' lang='lat' dir='ltr'><strong>omnia</strong></span> <span class='ocrx_word' id='word_1_592' title='bbox 1157 5972 1248 6030; x_wconf 82' lang='lat' dir='ltr'><strong>barbae</strong></span> <span class='ocrx_word' id='word_1_593' title='bbox 1260 5985 1340 6044; x_wconf 79' lang='lat' dir='ltr'><strong>agere</strong></span> <span class='ocrx_word' id='word_1_594' title='bbox 1353 5969 1503 6035; x_wconf 80' lang='lat' dir='ltr'><strong>contraria3</strong></span> 
     </span>
    </p>

    <p class='ocr_par' dir='ltr' id='par_1_35' title="bbox 958 6056 1698 6316">
     <span class='ocr_line' id='line_1_96' title="bbox 958 6056 1538 6133; baseline -0.01 -14"><span class='ocrx_word' id='word_1_595' title='bbox 958 6071 974 6119; x_wconf 84' lang='lat'><strong>5</strong></span> <span class='ocrx_word' id='word_1_596' title='bbox 993 6066 1016 6121; x_wconf 88' lang='lat' dir='ltr'>si</span> <span class='ocrx_word' id='word_1_597' title='bbox 1027 6063 1143 6119; x_wconf 85' lang='lat' dir='ltr'><strong>divitum</strong></span> <span class='ocrx_word' id='word_1_598' title='bbox 1155 6060 1179 6117; x_wconf 89' lang='lat' dir='ltr'>ei</span> <span class='ocrx_word' id='word_1_599' title='bbox 1194 6058 1304 6133; x_wconf 87' lang='lat' dir='ltr'><strong>quidem</strong></span> <span class='ocrx_word' id='word_1_600' title='bbox 1312 6056 1412 6115; x_wconf 81' lang='lat' dir='ltr'><strong>eccidit</strong></span> <span class='ocrx_word' id='word_1_601' title='bbox 1423 6056 1538 6114; x_wconf 88' lang='lat' dir='ltr'><strong>malum.</strong></span> 
     </span>
     <span class='ocr_line' id='line_1_97' title="bbox 994 6145 1670 6227; baseline -0.012 -17"><span class='ocrx_word' id='word_1_602' title='bbox 994 6155 1063 6210; x_wconf 85' lang='lat' dir='ltr'>Nam</span> <span class='ocrx_word' id='word_1_603' title='bbox 1073 6153 1120 6227; x_wconf 86' lang='lat' dir='ltr'><strong>pili</strong></span> <span class='ocrx_word' id='word_1_604' title='bbox 1129 6149 1268 6225; x_wconf 86' lang='lat' dir='ltr'><strong>quomodo</strong></span> <span class='ocrx_word' id='word_1_605' title='bbox 1282 6164 1329 6206; x_wconf 86' lang='grc' dir='ltr'>νοε</span> <span class='ocrx_word' id='word_1_606' title='bbox 1342 6148 1516 6215; x_wconf 73' lang='lat' dir='ltr'><strong>contristant,</strong></span> <span class='ocrx_word' id='word_1_607' title='bbox 1532 6162 1581 6220; x_wconf 86' lang='grc' dir='ltr'>ρει</span> <span class='ocrx_word' id='word_1_608' title='bbox 1593 6145 1670 6211; x_wconf 84' lang='lat' dir='ltr'><strong>deos,</strong></span> 
     </span>
     <span class='ocr_line' id='line_1_98' title="bbox 995 6234 1698 6316; baseline -0.016 -16"><span class='ocrx_word' id='word_1_609' title='bbox 995 6250 1103 6316; x_wconf 75' lang='lat' dir='ltr'><strong>propter</strong></span> <span class='ocrx_word' id='word_1_610' title='bbox 1114 6256 1185 6314; x_wconf 80' lang='lat' dir='ltr'><strong>quoe</strong></span> <span class='ocrx_word' id='word_1_611' title='bbox 1196 6238 1322 6298; x_wconf 78' lang='lat' dir='ltr'><strong>nostrum</strong></span> <span class='ocrx_word' id='word_1_612' title='bbox 1331 6237 1447 6311; x_wconf 82' lang='lat' dir='ltr'><strong>quisque</strong></span> <span class='ocrx_word' id='word_1_613' title='bbox 1460 6238 1499 6292; x_wconf 84' lang='grc' dir='ltr'>ιίτ</span> <span class='ocrx_word' id='word_1_614' title='bbox 1509 6251 1568 6293; x_wconf 84' lang='lat' dir='ltr'><strong>esse</strong></span> <span class='ocrx_word' id='word_1_615' title='bbox 1581 6234 1698 6301; x_wconf 75' lang='lat' dir='ltr'><strong>videtin,</strong></span> 
     </span>
    </p>
   </div>
   <div class='ocr_carea' id='block_1_27' title="bbox 993 6325 1578 6402">
    <p class='ocr_par' dir='ltr' id='par_1_36' title="bbox 993 6325 1578 6402">
     <span class='ocr_line' id='line_1_99' title="bbox 993 6325 1578 6402; baseline -0.015 -14"><span class='ocrx_word' id='word_1_616' title='bbox 993 6332 1045 6389; x_wconf 86' lang='lat' dir='ltr'><strong>nisi</strong></span> <span class='ocrx_word' id='word_1_617' title='bbox 1062 6331 1133 6388; x_wconf 80' lang='lat' dir='ltr'><strong>forte</strong></span> <span class='ocrx_word' id='word_1_618' title='bbox 1146 6329 1189 6385; x_wconf 85' lang='lat' dir='ltr'>his</span> <span class='ocrx_word' id='word_1_619' title='bbox 1197 6328 1267 6402; x_wconf 74' lang='lat' dir='ltr'><strong>pilis</strong></span> <span class='ocrx_word' id='word_1_620' title='bbox 1280 6327 1402 6400; x_wconf 71' lang='lat' dir='ltr'><strong>opposite</strong></span> <span class='ocrx_word' id='word_1_621' title='bbox 1412 6325 1578 6383; x_wconf 81' lang='lat' dir='ltr'><strong>meditatur?</strong></span> 
     </span>
    </p>
   </div>
   <div class='ocr_carea' id='block_1_28' title="bbox 1287 6425 1634 6467">
    <p class='ocr_par' dir='ltr' id='par_1_37' title="bbox 1287 6425 1634 6467">
     <span class='ocr_line' id='line_1_100' title="bbox 1287 6425 1634 6467; baseline -0.009 0"><span class='ocrx_word' id='word_1_622' title='bbox 1287 6425 1309 6467; x_wconf 72' lang='lat'>0</span> <span class='ocrx_word' id='word_1_623' title='bbox 1609 6426 1634 6464; x_wconf 77' lang='lat'>³7</span> 
     </span>
    </p>
   </div>
   <div class='ocr_carea' id='block_1_29' title="bbox 0 0 2046 8009">
    <p class='ocr_par' dir='ltr' id='par_1_38' title="bbox 0 0 2046 8009">
     <span class='ocr_line' id='line_1_101' title="bbox 0 0 2046 8009; baseline 0 0"><span class='ocrx_word' id='word_1_624' title='bbox 0 0 2046 8009; x_wconf 95' lang='lat' dir='ltr'> </span> 
     </span>
    </p>
   </div>
  </div>
 </body>
</html>
