4084 8009
264 1502 320 1560 740

263 1649 303 1694 τις
319 1627 434 1696 στύπαξ.
448 1630 527 1685 Idem
543 1629 623 1686 adv.
646 1647 722 1703 129:
739 1626 765 1693 ὃς
781 1629 951 1707 (Εὐκράτης)
965 1628 1047 1689 στύπ-

264 1713 317 1782 παξ
331 1718 449 1774 ἐκαλεῖτο
463 1715 547 1774 διὰτὸ
561 1714 781 1786 στυππειοπώλης
793 1707 869 1776 εἶναι.
884 1721 927 1775 De
947 1716 1047 1793 μύλωνι

263 1825 286 1864 s.
302 1808 423 1881 pistrino
440 1804 500 1877 ejus
513 1825 541 1864 v.
556 1802 690 1860 Photium
716 1816 745 1861 et
766 1807 886 1880 Hesych.
909 1825 938 1865 ν.
959 1807 1046 1864 Μελι-

263 1891 321 1957 τεὺς
335 1890 441 1971 κόπρος.
454 1918 466 1944 ι
477 1895 566 1951 Mein.

626 1995 690 2055 166.

305 2123 438 2197 Hesych„
450 2119 667 2200 Ὀρθοπυγιᾶν
680 2138 687 2177 :
699 2119 761 2179 όταν
770 2118 834 2198 γυνὴ
845 2119 940 2191 leeris
951 2117 1047 2198 ἐπαίρῃ

264 2207 328 2287 πρθς
341 2209 371 2266 τὸ
384 2210 533 2288 μακροτέρα
546 2208 694 2287 ραίνεσθαι.

583 2393 592 2407 ¹
617 2322 628 2342 '
640 2324 702 2395 167.

304 2439 401 2509 Idem,
417 2436 572 2516 Ὀστρόκυιν
587 2459 593 2493 :

314 2548 453 2637 Ᾰπτῆνα,
467 2553 585 2636 τυτθὸν,
602 2549 670 2645 ἄρτι
684 2551 792 2644 γυμνὸν
806 2552 972 2643 ὀστράκων,

265 2686 323 2743 ἀντὶ
335 2691 379 2745 τοῦ
392 2688 467 2766 ᾠῶν,
480 2686 546 2753 τινές
563 2684 590 2743 ll
603 2684 731 2764 κιλύρων.
749 2690 811 2744 Hoc
826 2686 914 2744 recte.
934 2711 945 2736 ι
961 2687 1048 2744 vide-

265 2788 312 2833 ιυι·
321 2779 423 2834 comici
436 2796 531 2833 versus
547 2795 606 2833 esse
624 2776 659 2831 de
675 2775 808 2850 homine,
822 2778 871 2851 qui
883 2778 1049 2832 immaturus

265 2875 294 2920 et
306 2876 408 2939 preter
422 2853 531 2920 atatem
546 2863 583 2919 ad
594 2861 802 2936 rempublicam
815 2874 978 2933 accesserat,
994 2881 1048 2920 ve-

266 2953 310 3007 lut
324 2952 358 3007 de
371 2952 548 3027 Hyperbolo.
567 2976 578 3000 υ
592 2952 683 3007 Mein.

579 3064 644 3135 168,
669 3065 734 3139 169.

307 3178 399 3248 ldem,
413 3177 486 3236 Οὐδ’
500 3174 688 3255 ἐτρόπηστν
703 3174 828 3254 κρόκην
844 3195 851 3235 :
866 3173 940 3234 οὐδὲν
957 3174 1047 3253 εἰργό-

267 3285 342 3322 σατο.
362 3264 458 3336 Idem,
482 3266 776 3343 Περιπρωκτιῶσα
802 3286 808 3319 :
835 3263 1049 3344 τρυριριυομίνη

267 3352 353 3429 iniri]
368 3355 450 3431 πνγῇ.

632 3470 685 3521 170

308 3560 399 3629 ldem,
419 3562 545 3618 [Ιλόνον
560 3560 875 3642 καταπλυντήριζσ,
892 3562 936 3619 καὶ
949 3563 1050 3621 πλυν·

218 3644 221 3647 ’
267 3646 430 3724 θήσομαι,
461 3646 573 3706 Ἀττικοὶ
601 3647 645 3707 ἐπὶ
676 3652 728 3708 τῶν
756 3649 889 3728 λοιδοριῶν
919 3648 1048 3725 λέγουσιν.

271 3736 355 3793 «Pro
372 3734 556 3814 πλυνθήσομαι
571 3738 681 3797 lltticus
691 3750 777 3815 poeta
786 3741 897 3816 scripsit
915 3738 1049 3812 πλυθήσυ-

268 3847 327 3899 μαι.
348 3852 360 3876 υ
375 3829 465 3885 Mein.

633 3945 696 3997 ιρι.

308 4037 406 4105 ldem,
429 4034 725 4115 Πριαμωθήσομαι
749 4055 756 4092 :
783 4034 938 4113 ξυρήσομαι,
959 4034 1050 4107 ἐπειδθι

267 4122 296 4180 τὸ
313 4122 436 4200 τραγικὸν
454 4128 500 4181 τοῦ
512 4124 635 4200 Πριάμου
644 4121 786 4201 πρόσωπον
795 4120 884 4201 ξυρίας
896 4123 977 4184 ἐστίν.
992 4128 1050 4182 Ea-

267 4212 331 4269 dem
346 4212 463 4267 Photius
475 4231 506 4286 p.
525 4211 593 4285 448,
613 4230 643 4285 9,
661 4212 855 4289 Πριαμιυθῆναι
871 4233 878 4268 :
896 4209 1047 4291 ξυρηθῆναι·

268 4297 297 4354 τθ
308 4295 357 4374 γὰρ
372 4301 417 4353 τοῦ
433 4297 557 4376 Πριάμου
573 4297 711 4375 πρόσωπον
723 4296 810 4376 ξυρίας
821 4300 901 4358 ἐστίν.

627 4430 691 4483 ¹72·

309 4526 404 4594 Idem,
419 4525 527 4601 Πτερῶν
546 4544 551 4581 :
640 4520 644 4527 ⁸

319 4641 395 4710 ltl’
408 4644 426 4714 ἢ
441 4645 596 4735 τρίορχος,
616 4643 633 4715 ἢ
652 4653 781 4735 πτερῶν,
798 4643 816 4716 ἢ
833 4644 997 4735 στρουθίας.

269 4766 334 4838 εἶδος
347 4771 444 4850 ὀρνέου.
470 4799 481 4820 «ι
499 4774 607 4850 Πτερῶν
621 4774 735 4829 sortasse
749 4774 865 4827 aviculae
879 4793 983 4827 nomen
998 4784 1047 4828 est.
1118 4812 1121 4817 .

268 4863 326 4917 Nisi
347 4862 443 4933 potius
460 4858 569 4936 Πτίρων
593 4872 624 4916 et
642 4860 783 4937 Στρουθίας
804 4861 1004 4928 scribendum,
1019 4871 1051 4914 ut

269 4951 325 5004 sint
338 4949 485 5002 hominum
505 4949 722 5004 libidinosorum
737 4951 863 5005 nomina.
882 4952 924 5004 De
934 4950 1051 5003 nomine
1105 4968 1113 4988 ’

268 5038 388 5111 ριυριίυ
403 5034 511 5111 Πτέρων
525 5054 552 5090 ν.
568 5038 659 5108 Etym.
680 5038 716 5092 M.
730 5056 759 5110 p.
774 5037 846 5103 ανδ,
862 5037 910 5092 38.
932 5061 943 5085 »
962 5038 1051 5093 Mein.

626 5140 691 5207 173.

310 5253 399 5319 idem,
421 5246 565 5314 Πύππαξ
583 5268 589 5304 :
605 5248 634 5306 τὸ
647 5252 692 5305 νῦν
707 5246 809 5325 βόμὸαξ
826 5248 966 5326 λεγόμενον
978 5249 1050 5307 πύπ-

271 5337 321 5405 παξ
340 5338 445 5414 ἔλεγον,
460 5333 646 5413 ὡςΛυκόρρων
665 5336 750 5414 ᾠήθη.
767 5335 883 5394 οὐκέστι
898 5337 936 5396 δέ.
952 5336 982 5394 τὸ
1002 5338 1050 5411 μὲν

271 5424 321 5504 γὰρ
339 5423 442 5503 βόμόαξ
455 5424 552 5481 τίθεται
572 5423 617 5481 καὶ
636 5424 678 5481 ἐπὶ
695 5425 874 5502 σχετλιασμοῦ
889 5425 936 5483 καὶ
951 5426 994 5483 ἐπὶ
1007 5423 1051 5501 γε’-

271 5516 408 5586 λωτος,τὸ
422 5514 449 5572 δὲ
467 5512 578 5580 πόππαξ
599 5514 668 5592 οὐχί.
689 5542 700 5564 ι
717 5517 784 5570 Haec
809 5516 846 5570 ad
870 5518 1048 5571 comicorum

270 5622 350 5659 usum
379 5616 505 5678 spectare
526 5604 721 5677 Lycophronis
749 5621 854 5684 nomen
877 5602 1010 5657 ostendit.
1041 5627 1051 5652 ν

271 5692 357 5746 Mein.

621 5783 706 5854 '174¹

310 5898 389 5954 ldem
399 5943 407 5971 ‚
417 5896 646 5977 Ῥαρανιδωθῆναι
660 5920 666 5953 :
677 5896 735 5961 τοὺς
747 5899 855 5974 μοιχοὺς
867 5898 925 5962 ταῖς
939 5899 1051 5974 ῥαρανῐ·

631 6073 690 6122 167.

272 6155 468 6224 lnpennatum,
507 6153 651 6225 pusillum,
682 6169 770 6226 nuper
801 6162 882 6225 rupto
913 6152 1055 6225 putamine

967 6238 1051 6306 (ovi).

822 1498 1063 1559 FRAGMENTA
1086 1500 1316 1562 contemtum

1094 1650 1133 1685 σιν
1144 1629 1258 1701 ἤλαυνον
1270 1629 1339 1688 κατὰ
1352 1633 1397 1701 τῆς
1408 1630 1495 1711 ἕδρας.
1504 1631 1551 1698 Τίς
1563 1630 1613 1709 γὰρ
1619 1631 1676 1691 ἀντὶ
1688 1636 1734 1704 τῆς
1741 1635 1882 1712 ῥαφανίδος

1093 1720 1160 1796 ὁρῶν
1172 1717 1313 1795 όξυθυμίαν
1327 1718 1396 1778 ἐλθοι
1407 1722 1472 1799 πρὸς
1484 1725 1564 1796 ἡμᾶς.
1581 1724 1707 1780 Correxit
1716 1726 1878 1781 Pomonus:

1188 1868 1237 1877 —-
1251 1826 1302 1906 Τίς
1316 1828 1373 1923 γὰρ
1388 1824 1424 1894 ἂν

1142 1934 1209 2002 ἀντὶ
1224 1927 1384 2028 ῥαφανῖδος
1403 1932 1539 2027 ὀξυθόμι’
1549 1937 1667 2027 εἰσορῶν

1142 2041 1222 2107 ἔλθοι
1236 2042 1308 2132 πρὸς
1323 2046 1423 2132 rip-553

1096 2166 1208 2222 Vossius
1223 2166 1260 2222 ad
1282 2167 1384 2223 Catull.
1407 2185 1438 2240 p.
1456 2166 1507 2235 43,
1531 2179 1608 2224 recte
1625 2170 1747 2244 explicat
1763 2187 1771 2227 :
1789 2177 1815 2224 τι·
1826 2191 1883 2245 pro

1094 2246 1224 2320 raphano
1236 2246 1353 2305 rnoeclttssr
1362 2265 1433 2301 crux
1443 2259 1589 2316 statuatur,
1601 2267 1681 2303 nemo
1692 2268 1742 2306 nos
1752 2254 1882 2309 accedet.

1453 2359 1519 2429 175.

1134 2471 1231 2541 idem,
1249 2469 1367 2542 Ῥῆξαί
1387 2492 1425 2546 μι
1446 2470 1504 2528 καὶ
1526 2471 1650 2549 ρρόσαι
1673 2474 1725 2531 ἀεὶ
1748 2472 1851 2550 λόγον
1872 2496 1879 2531 :

1097 2556 1155 2614 ἐντὶ
1167 2560 1214 2615 τοῦ
1234 2556 1342 2635 ἐκρῆξαι
1363 2557 1463 2637 ρωνήν.
1478 2559 1546 2631 Quae
1567 2562 1606 2615 ita
1624 2560 1775 2619 scribenda
1789 2564 1882 2635 conji-

1095 2657 1134 2713 cit
1147 2656 1269 2714 Meiuelt.

1148 2766 1242 2849 λῆξαί
1258 2797 1295 2864 με
1310 2776 1408 2865 φωνην
1422 2770 1475 2838 καὶ
1493 2769 1604 2863 ρροίσαι
1617 2764 1668 2839 δεῖ
1684 2773 1738 2839 τὸν
1751 2774 1855 2864 λόγον.

1451 2898 1515 2970 176.

1135 3008 1382 3080 Idem,‘Polxoo
1408 3008 1640 3087 κριθσπομπία
1664 3007 1881 3088 εἘρατοσθίνης

1095 3098 1121 3155 ἐν
1143 3094 1249 3174 ἐννότῳ.
1275 3099 1328 3155 τῶν
1349 3094 1526 3173 Ἀμαθουσίων
1561 3096 1698 3175 βασιλέως.
1723 3102 1816 3157 τοῦτον
1839 3101 1881 3157 el·

1094 3183 1236 3264 χμσίλυιτυν
1245 3182 1393 3261 γενόμενον,
1407 3171 1463 3242 εἶτα
1474 3183 1677 3263 ὑποστρέψαντα
1694 3185 1760 3265 πρὸς
1771 3187 1882 3260 ἑαυτὸν,

1094 3276 1128 3351 τῇ
1142 3271 1217 3332 πόλει
1229 3270 1370 3342 Ἀθηναίου
1383 3268 1472 3350 κριθὰς
1484 3270 1620 3352 ἐκπέμψαι
1630 3272 1736 3353 ρησίν.ι
1749 3278 1829 3332 Dixit
1843 3278 1881 3333 de

1094 3364 1147 3420 hac
1163 3364 1255 3439 glossa
1269 3362 1459 3418 Bernhardius
1472 3364 1616 3420 Eratosth.
1631 3382 1661 3436 p.
1674 3363 1728 3419 231
1745 3382 1809 3438 seq.
1822 3367 1882 3428 Res

1095 3453 1172 3528 ipsa,
1196 3451 1275 3525 cujus
1293 3452 1419 3509 comicus
1438 3451 1540 3525 aliquis
1556 3451 1734 3507 mentionem
1756 3450 1878 3521 iecerat,

1095 3552 1222 3615 spectare
1235 3541 1348 3598 videtur
1359 3539 1396 3596 ad
1410 3549 1540 3614 tempora
1551 3541 1696 3614 Evagorae.
1715 3564 1727 3589 ι
1744 3541 1839 3600 Mein.

1455 3670 1518 3721 177·

1136 3767 1231 3838 Idem,
1257 3765 1358 3835 Σκόζης
1379 3783 1387 3823 :
1406 3763 1480 3842 reple
1496 3761 1605 3842 Φιλητᾷ
1627 3761 1754 3821 Παύσω
1767 3785 1802 3819 σε
1823 3765 1880 3832 τῆς

1096 3854 1226 3926 σκόζης.
1242 3855 1299 3911 ιἰντὶ
1309 3858 1356 3912 τοῦ
1366 3855 1412 3922 τῆς
1422 3852 1535 3930 κάπρας.
1545 3852 1617 3909 cod.
1633 3850 1746 3910 Φίλιτα.
1761 3876 1774 3903 α
1785 3850 1884 3907 Comi·

1097 3962 1161 4000 cum
1178 3955 1309 4020 poetam,
1331 3961 1391 3998 non
1403 3941 1579 4016 elegiacum,
1597 3940 1790 4008 inlaudati,
1807 3941 1884 3995 indi-

1097 4041 1142 4087 cat
1152 4032 1254 4087 senarii
1264 4030 1481 4086 hemistichium.
1493 4027 1698 4103 corrigendum
1709 4029 1799 4104 igitur
1810 4026 1884 4105 παρὰ

1096 4116 1231 4193 Φιλήμονι
1244 4119 1288 4174 vel
1304 4113 1468 4194 Φιλεταίρῳ.
1483 4140 1496 4165 ν
1511 4117 1598 4171 Mein.

1460 4230 1522 4301 178.

1138 4348 1234 4417 idem,
1273 4343 1563 4422 Σχιζογυαίνδρους
1589 4365 1595 4399 :
1621 4342 1678 4407 τοὺς
1703 4342 1881 4422 συκορόντας.

977 4472 979 4476 >
1097 4437 1241 4506 -ldem,
1256 4435 1345 4511 Τέχνη
1363 4456 1369 4488 2
1392 4432 1538 4507 ἐπιστήμη,
1553 4431 1641 4498 δολος·
1661 4461 1671 4481 «
1689 4433 1821 4509 Τέχνης
1835 4433 1886 4511 γὰρ

1098 4524 1157 4600 οὐχ
1176 4521 1337 4600 ἥμαρτες.
1358 4549 1369 4570 υ

1457 4620 1525 4699 l79.

1138 4723 1230 4790 idem,

1146 4842 1369 4909 Φοινικελίκτην
1386 4839 1437 4906 καὶ
1451 4840 1550 4931 λόγων
1566 4833 1697 4915 ἀλαζόνα
1716 4861 1723 4900 :

1098 4967 1233 5035 απατηλὸν
1259 4966 1303 5022 καὶ
1322 4965 1452 5037 κάπηλον.
1480 4999 1518 5008 -
1541 4960 1850 5034 Ιιέιτιιι,Φοινικε’λικτον
1878 4984 1885 5021 :

1099 5053 1244 5124 ἀπατηλόν.
1253 5055 1374 5111 Meinek.
1387 5054 1461 5127 conj.
1478 5050 1584 5130 Φοίνιχ·
1600 5049 1705 5120 ἑλικτὴν
1714 5053 1758 5107 vel
1769 5049 1884 5113 ἕλικτον,

1454 5167 1518 5221 180.

1139 5281 1234 5347 idem,
1257 5276 1483 5343 Χαλκιδίζειν
1505 5273 1582 5332 τάπὸ
1602 5275 1654 5331 τῶν
1678 5275 1738 5331 κατ’
1768 5273 1886 5332 Εὗόοιαν

1100 5366 1265 5427 Χαλκιδέων.
1278 5364 1377 5422 τίθεται
1390 5362 1416 5419 δέ
1431 5363 1476 5420 καλ
1491 5361 1534 5419 ἐπὶ
1544 5365 1596 5419 τῶν
1612 5361 1863 5440 παιδεραστοόντοιν
1877 5406 1886 5436 ,

1099 5457 1155 5515 ἐπεὶ
1176 5455 1328 5521 ἐπλεόναζον
1352 5456 1414 5531 παρ’
1427 5454 1514 5519 αὐτοῖς
1525 5453 1549 5509 ol
1564 5449 1681 5507 παιδικοὶ
1695 5448 1801 5528 ἔρωτες.
1822 5476 1832 5498 ι
1851 5455 1888 5506 At

1099 5546 1175 5602 idem
1185 5546 1255 5600 illud
1265 5544 1383 5600 verbum
1399 5543 1500 5597 comici
1511 5551 1603 5614 poetae
1617 5541 1701 5594 etiam
1714 5538 1751 5593 de
1761 5539 1885 5593 homini·

1099 5634 1153 5689 hus
1166 5634 1283 5688 sordide
1299 5632 1389 5685 avaris
1410 5629 1553 5685 dicebant.
1570 5626 1739 5681 Plutarchus
1753 5626 1841 5683 Prov.
1859 5644 1884 5692 ι,

1100 5723 1147 5793 ill„
1165 5716 1376 5785 Χαλκιδίζειν
1391 5739 1396 5771 :
1413 5716 1522 5772 ἐπὶτῶν
1536 5710 1776 5792 γλισχρευομένων.
1798 5712 1823 5769 ol
1836 5710 1887 5786 γὰρ

1099 5810 1125 5865 ἐν
1147 5806 1247 5886 Εὖόοίορ
1267 5805 1406 5869 Χαλκιδεῖς
1431 5803 1474 5861 ἐπὶ
1497 5799 1653 5881 φιλαργυρίᾳ
1676 5801 1885 5879 ἐκοιμῳδοῦντο,

1099 5896 1149 5951 nbi
1164 5915 1191 5954 ν,
1210 5894 1401 5950 Leutschium.
1421 5918 1432 5939 υ
1451 5893 1542 5947 Mein.

1468 6062 1527 6111 172.

1101 6146 1152 6204 Sed
1168 6155 1216 6202 aut
1226 6146 1315 6209 buteo,
1330 6152 1377 6199 aut
1387 6151 1482 6215 pteron
1498 6146 1557 6207 (?)‚
1572 6149 1619 6197 aut
1632 6137 1885 6195 struthiocamelus.

1465 6236 1523 6284 178.

1103 6326 1138 6378 Ex
1155 6327 1210 6375 arte
1223 6320 1295 6374 enim
1309 6333 1364 6373 non
1376 6316 1510 6372 excidisti.
