4084 8009
926 1463 1126 1526 cernuus.
1301 1486 1304 1491 ’
1795 1497 1831 1546 n

264 1590 424 1663 ἀλληλοισι
456 1593 593 1681 μιγέντε,
622 1594 765 1685 μέγιστον
789 1594 926 1662 τίκτετον
948 1602 999 1663 τύ-

886 1729 998 1794 ραννον,

262 1801 293 1866 δν
305 1796 342 1874 δή
362 1804 601 1894 κεφαληγερέταν
622 1803 682 1868 θἐοὶ
699 1811 851 1871 καλοῦσιν.

213 1946 281 2016 Quo
294 1946 334 1999 sic
346 1945 471 2000 reddidit
484 1947 598 2003 Grotius
611 1967 617 2001 :

255 2069 375 2140 Tempus
391 2069 507 2141 longum
522 2068 683 2142 seditioque
789 2068 800 2087 ⁹

253 2158 334 2211 misti
354 2168 428 2212 coetu
443 2174 565 2230 genuere
579 2177 631 2212 suo

255 2263 395 2300 summum
415 2247 444 2298 in
458 2258 556 2300 nostra
572 2256 655 2320 gente
671 2258 835 2317 tyrannum

255 2331 283 2384 ‹li
299 2332 466 2406 Capitonem
481 2334 609 2388 vocitare
622 2333 721 2388 solent.

215 2460 247 2513 V.
265 2477 277 2511 1
297 2457 383 2516 codd.
398 2454 513 2534 Χρόνος,
530 2460 578 2514 scd
594 2484 605 2506 ι
620 2459 756 2513 Periclem
771 2460 934 2534 Olympium
951 2480 1000 2516 eo-

215 2544 279 2600 dem
294 2565 352 2619 quo
365 2548 466 2601 lovem
481 2547 645 2621 Olympium
660 2558 742 2621 patre
757 2551 834 2603 nasci
850 2560 999 2604 consenta-

213 2651 296 2687 neum
321 2645 392 2688 crat.
416 2658 428 2682 ν
450 2636 495 2689 Μ.
513 2631 611 2691 Στάσιν
625 2633 833 2711 (Discordiam)
852 2635 900 2695 Cr.
923 2638 999 2692 Peri·

213 2721 262 2774 clis
274 2733 393 2777 matrem
406 2720 503 2792 finxit,
516 2723 685 2778 observante
695 2724 815 2797 llergkio
828 2725 998 2782 Commentt.

212 2826 243 2880 p.
259 2809 328 2876 α36,
343 2821 515 2884 propterea,
530 2812 597 2882 quia
613 2829 667 2884 per
683 2812 822 2882 plurimos
835 2830 924 2866 annos
937 2831 998 2885 gra·

213 2896 341 2951 vissimas
364 2899 448 2970 gessit
472 2899 635 2952 inimicitias
653 2916 718 2951 cum
733 2899 866 2968 Cimone,
887 2899 1000 2971 Thucy·

215 2982 300 3049 dide,
326 2983 493 3056 lllyronide,
517 2987 673 3052 Leocratc,
706 2985 787 3056 aliis,
812 2996 840 3039 et
863 2984 1000 3058 quamdiu

214 3069 377 3141 reipublicae
386 3070 507 3144 praefuit,
519 3071 644 3143 populus
654 3082 683 3125 et
697 3073 846 3144 optimates
856 3071 916 3127 sere
931 3091 1001 3128 con-

214 3159 293 3212 tinua
307 3158 368 3212 rixa
381 3157 417 3213 de
431 3158 580 3213 dominatu
595 3171 768 3233 pugnarunt.
791 3185 802 3208 a
817 3162 864 3216 Vs.
879 3159 894 3214 3
908 3162 1000 3215 imita·

216 3258 262 3300 tur
283 3245 464 3301 homericum
477 3265 653 3315 sermonem,
672 3248 752 3318 cujus
773 3249 900 3322 exempla
919 3267 996 3303 corn·

212 3322 537 3407 posuitSelliusObserv.
551 3352 613 3408 cap.
629 3354 653 3389 1.
664 3335 709 3394 Ci.
723 3335 998 3412 Lubeck.Aglaoph.

211 3446 242 3499 p.
260 3426 316 3482 860
330 3446 409 3502 seqq.
427 3429 494 3485 ιΜ.

252 3647 333 3701 Idem
343 3647 382 3704 ib.
397 3667 459 3722 cap.
474 3652 510 3712 ul.
527 3667 532 3700 :
546 3643 594 3704 Ἐν
607 3646 634 3703 δὲ
644 3653 702 3712 ταῖς
716 3646 864 3726 κωμῳδίαις
874 3645 1000 3728 Ὀμφάλη

211 3756 239 3789 τε
252 3731 313 3807 νέα,
328 3731 374 3789 καὶ
384 3732 545 3812 Δηϊάνειρα,
560 3732 606 3789 καὶ
619 3734 699 3790 πάλιν
708 3731 796 3813 Ἥρα,
810 3736 998 3814 προσαγορεύε-

211 3843 255 3877 ται
268 3820 426 3895 (Αεμασῖα)·
437 3820 489 3899 Ap.
504 3822 527 3878 δ’
539 3819 659 3899 άντικρυς
674 3819 851 3891 παλλακὴν
865 3822 946 3894 αὐτήν
958 3822 1002 3881 εί-

212 3931 289 3987 ρηκεν
306 3910 332 3965 έν
343 3908 455 3974 τούτοις·

264 4034 343 4135 ίίραν
360 4043 395 4108 τέ
412 4042 440 4108 οἱ
456 4037 613 4110 ἀσπασίαν
628 4044 725 4111 τίκτει

262 4149 526 4242 Καταπυγοσύνη,
539 4235 543 4243 1

260 4259 423 4330 παλλακὴν
440 4248 610 4321 κυνώπιδα.

216 4399 370 4455 Librorum
384 4398 466 4455 τίκτει
484 4396 529 4456 καὶ
543 4393 761 4473 καταπυγοσύνην
780 4399 891 4473 egregie
904 4416 1000 4455 emen·

212 4487 290 4541 davit
304 4489 408 4561 Bergk.
428 4489 540 4544 Comm.
556 4505 587 4560 p.
610 4485 678 4543 238.
694 4486 740 4556 01,
758 4488 777 4543 i.
798 4505 822 4541 e.
837 4487 874 4562 τῷ
891 4484 995 4565 Κρόνῳ.

212 4576 307 4628 Scliol.
328 4576 400 4629 Plat.
421 4594 452 4648 p.
467 4573 520 4647 391
540 4592 548 4630 τ
563 4572 614 4650 Κρ.
626 4568 653 4628 dl
675 4569 818 4650 Ὀμφάλην
831 4570 921 4649 [male
935 4574 1003 4628 libri

211 4695 251 4703 —
266 4662 316 4737 λη)
332 4659 455 4737 τύραννον
470 4656 551 4729 αὐτήν
567 4660 643 4739 καλεῖ
653 4701 698 4729 ,...
715 4658 760 4716 καὶ
773 4656 870 4737 Ἥραν,
883 4658 946 4724 ἴσως
963 4658 1002 4716 ότι

211 4748 256 4805 καὶ
268 4749 399 4825 Περικλῆς
412 4747 510 4824 (Ζεύς)
524 4746 671 4822 Ὀλύμπιος
680 4743 897 4825 προσηγορεύετο.
909 4772 921 4796 ι
930 4748 1001 4803 Om-

211 4840 281 4893 nino
292 4838 412 4911 plurima
423 4838 459 4894 de
474 4839 522 4893 illa
531 4837 787 4911 Periclismagistra
798 4846 826 4891 et
838 4836 928 4891 amica
937 4838 1003 4891 seri·

210 4928 297 5000 psissc
320 4936 419 4999 poetas
444 4927 583 4994 comicos,
606 4926 684 4980 testis
706 4935 748 4980 est
768 4925 853 4979 ctiam
873 4924 1001 4980 Clemens

214 5015 295 5068 Alex.
307 5015 413 5070 Strom.
427 5019 453 5081 A,
463 5033 493 5086 p.
504 5013 563 5086 609
575 5014 650 5070 Pott.
661 5044 698 5055 -
709 5011 919 5086 Cognominurn
931 5010 1001 5081 ejus·

210 5101 291 5155 modi
305 5102 465 5174 exemplum
476 5102 701 5175 antiquissimum
712 5100 842 5175 praebent
855 5102 884 5154 in
896 5096 1000 5155 fabulis

211 5190 287 5262 Ceyx
310 5200 338 5243 ct
353 5189 496 5262 Alcyone,
509 5208 582 5262 quos
604 5191 682 5245 Jovis
701 5199 729 5243 et
749 5190 869 5243 lunonis
883 5190 1000 5243 nomina

210 5275 263 5330 sibi
278 5275 412 5330 indidisse
427 5287 538 5331 constat
554 5294 588 5331 cx
604 5276 785 5350 Apollodoro
803 5295 829 5344 1,
846 5295 873 5346 7,
891 5274 920 5349 3,
936 5276 1000 5331 Cle-

211 5373 305 5416 mente
317 5363 400 5418 Alcx.
414 5361 537 5420 Adhort.
552 5383 582 5438 p.
601 5369 650 5433 47,
663 5374 691 5417 et
704 5363 901 5437 Aristophanis
912 5364 999 5417 scho-

211 5450 291 5504 liasta
302 5452 357 5506 Av.
371 5447 439 5507 250.
449 5474 461 5498 ιι
472 5452 497 5505 Ε
503 5453 546 5506 Μ.
557 5451 613 5523 Qui
621 5451 657 5507 ad
667 5452 809 5523 Aspasiam
817 5450 904 5506 refert
915 5453 998 5507 etiarn

210 5537 331 5611 glossam
351 5538 486 5611 Hesycltli
506 5534 761 5615 Τυραννοδαίμοναι
786 5536 818 5607 ἣν
838 5537 886 5594 οὐκ
906 5534 939 5593 ἀν
961 5559 999 5603 τις

209 5620 334 5701 τύραννον
350 5622 428 5697 μόνον
440 5621 528 5696 εἴποι,
543 5622 612 5682 ἀλλδι
623 5624 667 5682 καὶ
682 5622 804 5700 δαίμονα.

211 5846 303 5902 mixtis
317 5846 478 5919 corporibus
490 5848 637 5902 maximum
649 5853 805 5918 genuerunt
815 5854 980 5919 tyrannum,

211 5949 293 6006 quem
307 5932 538 6006 Cephalegereteu
550 5932 588 5990 (lii
598 5942 704 5991 vocant.

593 6024 619 6073 4.

213 6111 249 6163 Et
259 6110 398 6163 Juuonem
413 6107 438 6163 ei
451 6106 594 6177 Aspasium
613 6106 680 6178 parit
768 6091 771 6103 '

213 6194 405 6267 impudicitia,
727 6186 743 6217 ⁰

214 6281 336 6354 pellicem
346 6282 450 6338 eauiuis
462 6279 557 6338 oculis.

1426 1607 1453 1666 5.

1087 1712 1227 1785 Diogenes
1240 1716 1334 1773 Laert.
1358 1738 1383 1785 ι,
1406 1721 1468 1774 62:
1494 1719 1646 1792 ἐτελεύτησε
1662 1722 1688 1780 δὲ
1709 1725 1832 1803 (Solon)

1048 1795 1074 1851 έν
1098 1795 1216 1876 Κύπρῳ,
1234 1800 1304 1876 βιούς
1323 1803 1368 1874 ἔτη
1391 1804 1566 1882 ὀγδοήκοντα,
1582 1813 1671 1868 τοῦτον
1686 1812 1835 1894 ἐπισκήψας

1047 1883 1099 1962 τοῖς
1121 1885 1192 1951 ίδίοις
1207 1887 1251 1944 τὸν
1268 1890 1372 1966 τρόπον,
1387 1893 1548 1969 ἀποκομίσαι
1568 1897 1648 1954 αὐτοῦ
1662 1897 1695 1957 τδ
1710 1900 1774 1958 ὀστᾶ
1798 1904 1835 1969 εἷς

1049 1973 1204 2047 Σαλαμῖνα,
1222 1974 1266 2032 καὶ
1287 1976 1471 2058 τεφρώσαντας
1484 1983 1521 2049 εἷς
1539 1981 1588 2054 τήν
1609 1983 1699 2065 χώραν
1713 1989 1831 2067 σπεῖραι·

1048 2056 1104 2116 ὅθεν
1119 2059 1164 2118 καὶ
1180 2065 1203 2121 Κ
1208 2086 1232 2141 ρ.
1248 2064 1274 2121 ἓν
1289 2073 1341 2132 τοῖς
1355 2066 1470 2147 Χείρωσί
1484 2092 1573 2149 φησιν,
1591 2072 1669 2131 αὐτὸν
1683 2078 1765 2133 ποιῶν
1783 2077 1833 2134 λέ-

1047 2170 1136 2225 γοντα,

1059 2315 1075 2346 ,
1096 2270 1185 2337 Οίκιῖι
1202 2265 1237 2339 δὲ
1252 2286 1352 2361 νῆσον,
1368 2285 1407 2354 ώς
1428 2278 1481 2369 μὲν
1498 2281 1661 2374 ἀνθρώπων
1680 2286 1788 2379 λόγος,

1097 2379 1277 2470 ἐσπαρμένος
1292 2381 1372 2449 κατὰ
1386 2389 1486 2451 πᾶσαν
1502 2387 1629 2465 Αἴαντος
1645 2391 1746 2457 πόλιν.

1048 2513 1090 2566 De
1111 2513 1223 2569 Solonis
1242 2516 1385 2573 cineribus
1400 2538 1452 2592 per
1470 2522 1609 2577 Salamina
1633 2524 1751 2582 insulam
1771 2528 1834 2583 dis-

1048 2600 1136 2673 persis
1150 2602 1250 2658 eadem
1268 2623 1332 2659 cum
1348 2607 1436 2677 alios,
1456 2619 1516 2663 turn
1531 2610 1623 2684 ipsum
1636 2615 1832 2687 Aristotelem,

1049 2688 1197 2745 tradidisse
1215 2703 1315 2748 auctor
1333 2705 1375 2750 est
1386 2697 1462 2755 Plut.
1476 2699 1593 2769 Solone,
1609 2719 1679 2776 cap.
1692 2703 1727 2758 32
1747 2724 1753 2759 :
1774 2704 1833 2776 ἠδέ

1049 2772 1080 2843 δὴ
1094 2775 1222 2855 διασπορδι
1241 2778 1448 2847 κατακαυθέντος
1463 2785 1541 2841 αὐτοῦ
1554 2788 1600 2855 τῆς
1608 2787 1704 2866 τέφρας
1715 2791 1774 2870 περὶ
1786 2791 1834 2863 τήν

1049 2863 1218 2937 Σαλαμινίων
1241 2865 1318 2937 νῆσόν
1333 2868 1389 2925 ἔστι
1404 2867 1507 2952 μένδιδι
1523 2871 1570 2941 τήν
1585 2875 1696 2933 ἀτοπίαν
1711 2878 1834 2946 ἀπίθανος

1047 2950 1203 3009 παντάπασι
1216 2952 1260 3010 καί
1275 2953 1416 3033 μυθώδης,
1427 2956 1626 3037 ἀναγέγραπται
1640 2961 1664 3019 δ’
1676 2964 1726 3022 ύπό
1739 2989 1766 3023 τε
1781 2968 1834 3026 άλ-

1048 3039 1099 3095 λων
1107 3039 1206 3120 ἀνδρῶν
1214 3039 1366 3121 ἀξιολόγων,
1377 3044 1422 3102 καλ
1430 3043 1622 3125 Ἀριστοτέλους
1628 3054 1673 3107 τοῦ
1681 3052 1832 3133 φιλοσόφου.

1425 3161 1454 3219 6.

1088 3266 1183 3321 Schol.
1200 3269 1325 3325 Platonis
1338 3270 1457 3327 Beliker.
1472 3291 1504 3346 p.
1525 3271 1595 3343 358,
1615 3274 1651 3330 dc
1668 3275 1731 3331 lusu
1743 3278 1832 3352 pilae:

1047 3355 1098 3411 τῶν
1113 3343 1156 3410 σύν
1170 3353 1315 3421 παιζόντων
1328 3361 1412 3415 ταῦτα
1429 3358 1487 3426 τούς
1502 3357 1550 3435 μὲν
1572 3362 1699 3427 νικῶντας
1719 3365 1835 3440 βασιλεῖς

1048 3440 1156 3499 ἐκάλουν
1171 3439 1217 3499 καλ
1228 3438 1246 3498 ό
1254 3465 1279 3499 τι
1292 3442 1323 3501 δν
1337 3444 1516 3523 προσέτασσον
1527 3454 1580 3513 τοῖς
1590 3448 1678 3514 ἀλλοις
1689 3449 1832 3523 ὑπήκουον,

1047 3526 1106 3595 τούς
1120 3529 1143 3586 δ’
1155 3529 1321 3607 ἡττωμένους
1339 3532 1420 3599 όνους.
1439 3536 1491 3611 Κρ.
1517 3533 1545 3592 δέ
1559 3536 1595 3595 Χ.
1610 3535 1751 3615 χαριέντως
1769 3542 1834 3614 θμοῦ

1048 3616 1224 3694 ἐγκαταμίξας
1237 3617 1282 3676 καί
1298 3618 1346 3692 τήν
1360 3619 1441 3687 Ὀνος
1461 3620 1542 3702 λύραν
1565 3624 1721 3703 παροιμίαν,
1744 3624 1834 3695 ἔπλεξε

1048 3704 1092 3762 τδν
1105 3704 1180 3783 λόγον
1192 3704 1288 3775 οὕτως·

1098 3832 1139 3916 oe
1156 3838 1240 3923 ὄνος,
1254 3839 1402 3933 ἀπωτέρω
1418 3840 1562 3915 κάθηνται
1579 3854 1634 3921 τῆς
1652 3849 1750 3938 λύρας.

1048 3969 1106 4037 τούς
1120 3971 1170 4051 γδιρ
1183 3973 1361 4050 ἡττωμένους,
1375 3978 1410 4043 ὡς
1424 3977 1534 4058 ἔφαμεν,
1547 3978 1620 4045 ὄνους
1632 3983 1762 4051 καθῆσθαι
1774 3980 1833 4038 ἔλε-
1888 4011 1895 4023 ·

1048 4080 1104 4136 γον,
1117 4063 1233 4137 βασιλεῖς
1248 4062 1275 4120 δὲ
1285 4063 1344 4130 τοὺς
1355 4069 1626 4132 transvectionem.
1641 4070 1679 4125 ad
1691 4072 1791 4144 Odyss.
1803 4090 1833 4146 p.

1053 4148 1138 4217 1601,
1152 4157 1189 4217 Ab
1203 4171 1209 4205 :
1223 4148 1262 4207 ὅτι
1273 4150 1300 4207 δὲ
1309 4150 1357 4220 τήν
1370 4151 1451 4222 αύιήν
1465 4152 1609 4233 (σφαῖραν)
1620 4154 1764 4223 παιζόντων
1775 4156 1834 4221 τοὺς

1049 4234 1097 4307 μέν
1111 4239 1235 4305 νικῶντας
1249 4242 1365 4317 βασιλεῖς
1386 4240 1494 4299 ἐκάλουν
1509 4243 1545 4309 ὡς
1560 4243 1603 4299 tat
1621 4242 1774 4319 σεμνώματι
1787 4248 1833 4303 τοῦ

1048 4321 1139 4403 ἔργου,
1156 4324 1229 4393 όνους
1242 4327 1269 4385 δέ
1283 4328 1343 4395 τοὺς
1358 4328 1538 4405 ἡττωμένους,
1553 4331 1660 4402 δηλοῦσι
1672 4332 1718 4390 καὶ
1729 4330 1794 4390 αὐτὸ
1809 4335 1833 4389 οἱ

1047 4412 1174 4485 παλαιοὶ,
1189 4416 1381 4495 παραφέροντες
1395 4415 1440 4474 καὶ
1459 4415 1583 4495 χρήσεις,
1604 4418 1652 4487 τήν
1674 4419 1721 4494 μὲν
1743 4421 1773 4477 ἐκ
1787 4424 1834 4477 τοῦ

1050 4498 1119 4557 κατδι
1140 4499 1272 4559 Πλάτωνα
1293 4502 1441 4573 Θεαιτήτου
1466 4507 1509 4580 (p.
1530 4504 1602 4575 146,
1626 4508 1666 4582 A)
1694 4506 1835 4577 τοιαύτην,

1053 4613 1065 4637 ιι
1078 4589 1092 4644 ό
1103 4585 1130 4644 δέ
1141 4586 1266 4666 ἁμαρτών
1277 4590 1437 4666 καθεδεῖται,
1453 4589 1542 4670 ὥσπερ
1557 4591 1635 4671 φασίν
1650 4593 1674 4650 ol
1686 4592 1834 4673 σφαιρίζον-

1049 4698 1106 4747 τες,
1131 4674 1202 4746 όνος,
1220 4675 1284 4742 θςδ’
1304 4676 1335 4735 ἀν
1351 4676 1519 4757 περιγένηται
1533 4678 1732 4760 ἀναμάρτητος,
1757 4685 1834 4759 βασι-

1049 4764 1135 4822 λεύσει
1149 4768 1241 4841 ἡμῶν·
1260 4793 1272 4819 ν
1290 4764 1336 4837 τήν
1352 4766 1379 4825 δέ
1393 4767 1445 4826 ἀπὸ
1462 4768 1607 4847 Κρατίνου,
1621 4760 1673 4829 οἷον

1096 4884 1168 4959 ὄνοι
1183 4894 1330 4967 κάθηνται
1344 4905 1398 4971 τῆς
1415 4898 1504 4987 λύρας
1519 4895 1675 4988 ἀπωτέρω.

1047 5032 1140 5091 Codd.
1150 5034 1230 5088 biatu
1243 5035 1417 5090 intolerabili
1428 5028 1506 5092 Ὀνοι
1516 5031 1644 5111 ἀπωτέρω
1655 5036 1716 5092 καθ.
1730 5035 1777 5103 τῆς
1788 5031 1834 5089 λύ-

1048 5140 1102 5196 ρας,
1115 5139 1201 5194 quem
1214 5121 1323 5175 hiatum
1332 5121 1456 5179 Meineli.
1470 5120 1599 5177 auferens
1607 5123 1734 5177 tentabat
1747 5119 1832 5195 pejo-

1046 5209 1125 5263 ribus
1134 5210 1261 5264 numeris
1271 5204 1346 5266 Ὀνοι
1357 5208 1379 5265 δ’
1391 5209 1477 5267 άπωτ.
1486 5213 1548 5267 καθ.
1563 5211 1609 5277 τῆς
1617 5207 1707 5287 λύρας.
1719 5209 1833 5277 Miscuit

1046 5295 1092 5355 Cr.
1105 5296 1165 5351 duo
1179 5297 1334 5370 proverbia
1345 5289 1425 5361 Ὀνος
1443 5294 1555 5367 κάθηται
1570 5309 1599 5354 et
1612 5292 1691 5361 Ὀνας
1706 5292 1799 5372 λύραν.

1429 5438 1459 5488 7·

1085 5538 1180 5596 Schol.
1196 5536 1345 5611 Sophoclis
1358 5538 1463 5612 OEdip.
1482 5539 1544 5596 Col.
1569 5546 1644 5612 477,
1662 5535 1744 5615 Ιγοδις
1757 5535 1831 5615 χία-

1046 5628 1123 5682 σθαι
1150 5622 1282 5681 στάντα
1305 5621 1384 5701 πρδς
1413 5621 1581 5703 (πρώτην)
1608 5621 1648 5681 ἕω
1672 5646 1678 5679 :
1704 5622 1831 5704 πρδςτὴν

1425 5849 1451 5898 5.

1045 5932 1198 6007 liubitoque
1210 5931 1342 5999 insulam,
1358 5940 1389 5988 ut
1400 5930 1525 5989 homiues
1536 5930 1646 6006 (pridem
1657 5941 1786 6001 narrent,

1045 6038 1155 6093 sparsus
1166 6037 1215 6092 per
1225 6029 1311 6077 totam
1324 6020 1415 6092 Ajacis
1427 6021 1555 6092 panium

1425 6112 1452 6163 6.

1047 6196 1125 6253 Asini
1138 6194 1233 6253 sedent
1246 6194 1339 6267 procul
1354 6210 1370 6250 a
1385 6193 1453 6268 lyra.
