4084 8009
1858 1491 2179 1553 MACBON
2191 1535 2205 1552 .

421 1629 487 1684 V.
518 1626 549 1681 3
583 1626 711 1680 libri
758 1641 903 1679 voce
940 1622 1150 1699 ἡμερῶν
1196 1624 1482 1679 molestius
1514 1622 1772 1695 trajecta,
1819 1626 1847 1681 ὁ
1883 1625 1984 1682 ἀπ.

3535 1482 3650 1552 oaa'

2082 1622 2238 1683 ἑπτά.
2260 1625 2484 1682 Ibidem
2508 1626 2855 1701 epigramma
2877 1625 3149 1698 sepulcro
3180 1622 3301 1695 ejus
3320 1624 3653 1698 inscriptum

421 1715 627 1792 πρῶτος
662 1713 872 1790 ἡμερῶν
896 1731 1046 1769 ποτε.
1066 1715 1129 1768 V.
1159 1719 1189 1777 4
1209 1710 1380 1767 iidem
1402 1708 1596 1789 ἀφύης,
1612 1732 1729 1787 quo
1750 1724 1987 1788 accepto
2080 1713 2287 1787 legitur
2306 1712 2454 1771 hoe:
2753 1764 2760 1770 .

422 1802 781 1857 desideratur
834 1800 1189 1855 accusativus
1229 1801 1519 1873 pertinens
1578 1801 1656 1856 ad
1699 1799 1983 1878 παρέθηκε.
2079 1820 2173 1897 Τῷ
2200 1819 2638 1901 κωμῳδογράφῳ,
2668 1818 2834 1899 ww
2865 1785 3105 1890 3522,ss
3126 1817 3396 1897 ,Μάγωνα

425 1892 587 1945 Nunc
618 1886 784 1967 ἀφύης
808 1888 974 1945 facile
990 1888 1324 1963 intelligitur
1342 1888 1402 1943 in
1424 1889 1729 1963 participio
1746 1888 1880 1945 ἐπιθ.
1900 1888 1990 1943 vel

420 1979 533 2034 hoc
555 1980 813 2035 absolute
837 1978 1053 2035 dictum
1080 1987 1183 2035 est.
1214 1978 1418 2034 Literae
1444 1999 1472 2033 ν
1496 1988 1555 2033 et
1571 1996 1603 2034 σ
1629 1978 1838 2053 passim
1854 1994 1991 2032 con·

423 2066 575 2125 fusae.
593 2071 662 2125 V.
689 2065 722 2122 5
747 2068 824 2121 ita
842 2064 1046 2135 Mein.;
1067 2064 1198 2120 libri
1216 2063 1509 2143 παρέθηκεν
1532 2063 1710 2133 ἡδείας
1724 2066 1813 2121 vel
1827 2062 1987 2134 ἡδεῖς.
2034 2079 2035 2082 ’

423 2156 493 2210 V.
513 2175 542 2225 7
568 2156 647 2210 sic
668 2156 913 2212 Porsen.
932 2163 991 2209 et
1007 2152 1198 2212 Elmsl.
1213 2152 1287 2209 ad
1299 2152 1550 2211 Acharn.
1572 2151 1709 2222 300,
1729 2171 1798 2208 ex
1816 2151 1993 2209 Suida

425 2244 524 2315 qui
553 2242 625 2306 εἰς
658 2239 839 2320 μακρὰ
869 2237 961 2298 καὶ
994 2235 1182 2316 λεπτὰ,
1215 2238 1390 2298 codd.
1442 2240 1588 2297 BCD
1628 2237 1783 2313 ἔτεμε
1823 2236 1992 2297 λεπτὰ

426 2328 566 2406 (sine
585 2328 710 2405 εἷς),
733 2332 832 2387 VL
874 2325 1057 2402 ἔτεμεν
1085 2326 1156 2391 εἷς
1194 2324 1364 2383 λεπτὰ
1392 2325 1615 2406 σφόδρα.
1655 2330 1774 2403 Ego
1801 2330 1993 2385 malim

426 2413 691 2492 γογγυλίδ’
711 2412 895 2492 ἔτεμεν
922 2415 995 2479 εἰς
1019 2409 1190 2471 λεπτὰ
1225 2411 1317 2471 καὶ
1349 2412 1565 2493 μακρὰ,
1593 2413 1814 2493 σφόδρα,
1849 2415 1996 2472 dele·

426 2515 485 2560 to
505 2501 700 2574 ταύτην
731 2504 934 2562 inutili.
963 2506 1030 2561 V.
1066 2521 1128 2559 u
1158 2500 1393 2559 δυώδεκα
1413 2502 1547 2561 eod.
1589 2506 1667 2572 1.;
1701 2505 1800 2560 alii
1827 2501 1993 2560 δώδε-

424 2616 516 2665 xa,
548 2614 710 2651 ver-‘³¹¹
740 2594 1112 2653 elandicante·
1149 2596 1215 2650 v·
1252 2611 1317 2648 ¹²
1356 2588 1509 2650 ἔλυσε
1540 2590 1694 2649 idem
1730 2593 1862 2650 cod·
1896 2595 1994 2669 L.;
2050 2636 2051 2678 ἓ
2089 2637 2305 2696 retulit.
2333 2636 2560 2711 Ampli,
2589 2646 2657 2691 ut
2682 2634 2937 2708 videtur,
2968 2633 3158 2709 operis
3193 2632 3508 2709 fragmenta
3527 2631 3664 2708 plu-

2048 2750 2049 2753 *
2089 2725 2237 2779 rima
2259 2725 2505 2781 servavit
2534 2723 2853 2779 Athenaeus.
2882 2746 2908 2772 n
2936 2723 2992 2777 E
3012 2722 3104 2779 M.

425 2679 609 2759 ἔγλυσε
669 2687 734 2741 V.
793 2684 1024 2740 Porsen.
1064 2677 1264 2740 ἔπαυσε
1283 2722 1301 2754 ,
1347 2680 1507 2753 eujus
1559 2699 1666 2738 nec
1717 2682 1848 2739 vola
1888 2699 1995 2738 nee

425 2771 722 2921 νίεῖζίιῗίιιω
746 2772 806 2828 in
831 2769 1012 2827 libris.
1037 2770 1107 2824 V.
1145 2773 1210 2833 ι4
1232 2783 1539 2842 perperam
1565 2767 1695 2824 libri
1719 2762 1865 2844 ἔλεγε
1891 2769 1997 2833 τοῖς

426 2877 461 2934 φ
597 2901 610 2916 .

1186 2968 1241 3007 a.

508 3071 765 3126 Stobaeus
791 3070 948 3127 Flor.
975 3069 1033 3145 6,
1059 3087 1159 3144 αι,
1180 3087 1311 3126 cum
1336 3069 1530 3126 lemm.
1560 3064 1837 3144 Εὔφρονος.

526 3191 656 3254 Οὐκ
687 3188 821 3252 ἔστι
854 3194 1068 3275 μοιχοῦ
1100 3178 1304 3276 μεῖζον
1336 3179 1471 3250 οὐδὲ
1502 3181 1563 3249 ἓν
1588 3183 1776 3250 κακόν
1795 3210 1809 3225 ·

526 3296 584 3359 ἐν
619 3298 757 3368 ταῖς
784 3290 897 3384 γὰρ
926 3293 1137 3381 ἑτέρων
1169 3293 1401 3374 βούλετ’
1440 3288 1720 3378 ἀτυχίαις
1739 3293 1990 3381 τρυφᾷν.

1028 3571 1039 3582 “
1159 3571 1279 3632 XC.

1002 3709 1419 3777 MACHON.

518 3904 539 3926 «ι
581 3876 814 3945 Mach0,
869 3875 1212 3951 Apollodori
1258 3876 1497 3949 Carystii
1535 3875 1780 3948 aequalis,
1814 3875 1996 3949 patria

430 3965 753 4020 Corinthius
786 3966 901 4019 sive
942 3965 1264 4036 Sicyonius,
1289 3964 1678 4038 Aristophanis
1709 3982 1997 4037 gramma-

431 4053 527 4108 tici
544 4053 825 4128 magister‚
846 4053 943 4126 qni
962 4051 1158 4107 floruit
1173 4052 1279 4108 sub
1299 4052 1612 4108 Ptolemaeis
1629 4051 1998 4128 Philopatore

431 4154 489 4212 et
519 4144 809 4216 Euergeta.
832 4141 1037 4199 Athen.
1062 4142 1118 4209 6,
1139 4161 1202 4216 p.
1229 4148 1366 4209 241,
1388 4142 1454 4200 F.
1486 4159 1502 4198 ε
1529 4138 1736 4215 Μάχων
1756 4142 1994 4218 ὁκωμῳ-

433 4226 676 4296 διοποιὸς,
717 4230 745 4283 δ
785 4224 1050 4304 Κορίνθιος
1084 4223 1179 4300 μὲν
1219 4223 1254 4294 ἢ
1298 4223 1580 4289 Σικυώνιος
1607 4224 1902 4300 γενόμενος,
1943 4230 2003 4285 ἐν’

434 4313 793 4392 Ἀλεξανδρείᾳ
815 4314 868 4369 δὲ
891 4315 958 4388 τῇ
980 4315 1084 4392 ἐμῇ
1103 4309 1409 4390 καταὸιοὺς,
1432 4311 1521 4368 καὶ
1544 4311 1854 4380 διδάσκαλος
1880 4314 1996 4391 [γε-

433 4400 667 4479 νόμενος]
692 4402 796 4457 τῶν
819 4398 956 4457 κατὰ
982 4397 1264 4478 κωμῳδίαν
1284 4399 1455 4477 μερῶν
1486 4396 1880 4478 Ἀριστοφάνους
1906 4405 1996 4459 τοῦ

434 4492 823 4566 γραμματικοῦ·
847 4500 904 4546 et
934 4497 1022 4558 14,
1048 4507 1110 4562 p.
1133 4487 1270 4556 664,
1297 4490 1343 4543 Α
1373 4507 1386 4543 :
1417 4485 1628 4565 Μάχων
1657 4487 1702 4544 δ’
1733 4489 1760 4544 ὁ
1794 4486 1999 4546 Σικυώ-

435 4599 536 4641 νιος
562 4580 661 4633 τῶν
693 4575 786 4651 μὲν
814 4577 934 4634 κατ’
965 4573 1352 4653 Ἀπολλόδωρον
1370 4573 1462 4633 τὸν
1489 4572 1787 4652 Καρύστιον
1815 4599 2002 4655 κωμῳ·

435 4667 649 4723 διοπιῶν
691 4655 762 4730 εἷς
790 4666 901 4723 ἐστι
943 4662 1035 4722 καὶ
1076 4661 1263 4734 αὐτὸς,
1306 4663 1400 4721 οὐκ
1426 4660 1628 4730 ἐδίδαξε
1669 4664 1715 4722 δ’
1757 4662 2001 4735 Ἀθήνησι

436 4750 714 4831 κωμῳδίας
747 4751 841 4819 τὰς
882 4755 1096 4836 ἑαυτοῦ,
1132 4749 1246 4809 ἀλλ’
1277 4752 1331 4809 ἐν
1360 4749 1744 4831 Ἀλεξανδρεία·
1776 4756 2001 4827 paucis-

437 4863 549 4916 que
578 4841 909 4914 interjectis:
939 4845 968 4898 ὁ
990 4837 1360 4919 γραμματικὸς
1395 4839 1768 4921 Ἀριστοφάνης
1800 4840 2003 4900 ἕσπούέ

438 4930 565 4985 δασε
599 4926 924 5005 συσχολάσαι
966 4929 1130 5007 αὐτῷ,
1169 4926 1280 4992 νέος
1313 4924 1404 4985 ὧν.
1438 4927 1799 4985 Alexandriae
1823 4948 2002 5002 quum

438 5018 704 5074 docuerit
728 5016 975 5084 fabulas,
1002 5018 1062 5071 in
1086 5017 1410 5072 Atticorum
1438 5017 1802 5073 comicorum
1824 5017 2001 5072 histo-

440 5199 759 5253 Atticorum
806 5196 1095 5269 ingenium
1144 5193 1599 5267 exprimentibus
1649 5193 1811 5249 locus
1855 5195 2004 5249 inter

439 5295 656 5339 ceteros
677 5282 969 5338 comoediae
992 5293 1253 5338 auctores
1279 5301 1399 5338 non
1433 5282 1734 5338 videbatur
1761 5300 1877 5337 esse
1905 5282 2000 5338 de·

438 5371 743 5442 negandus.
781 5373 866 5426 De
896 5372 1123 5444 poetica
1156 5372 1267 5426 viri
1295 5371 1492 5427 indole
1528 5372 1731 5429 Athen.
1767 5389 1826 5445 p.
1861 5369 1999 5443 664,

444 5461 486 5513 Α
523 5474 536 5512 :
567 5446 629 5523 ἧν
654 5454 699 5511 δ’
726 5451 915 5530 ἀγαθὸς
946 5456 1199 5530 ποιητὴς,
1231 5456 1281 5514 εἴ
1307 5480 1386 5523 τις
1418 5456 1573 5522 ἄλλος
1600 5459 1701 5513 τῶν
1732 5453 1865 5532 μετὰ
1888 5451 2006 5522 τοὺς

1205 5631 1257 5681 2.

446 5715 566 5766 Non
592 5718 676 5766 est
704 5710 917 5766 moeebo
942 5712 1120 5783 majus
1142 5712 1526 5786 quodcumque
1557 5714 1759 5770 malum
1786 5734 1797 5767 :

445 5800 498 5852 in
528 5798 759 5854 aliorum
779 5798 925 5853 enim
955 5796 1269 5853 infortuniis
1293 5799 1409 5854 vult
1434 5799 1695 5856 lascivire.

1063 5885 1388 5941 1NSC1T1A.

442 5971 671 6026 suavius
689 5970 822 6026 nihii
849 5979 934 6026 est
955 5970 1088 6027 mihi
1108 5977 1331 6043 mattya.

446 6061 563 6114 Hoc
591 6067 771 6114 utrum
804 6059 964 6131 primi
985 6057 1312 6116 Macedones
1335 6075 1436 6115 nos

441 6145 725 6199 docuerint
753 6146 962 6201 Atticos
978 6186 994 6211 ‚
1015 6161 1083 6201 an
1107 6159 1294 6202 revera
1319 6144 1427 6212 dii,

443 6232 625 6286 neseio
642 6252 655 6299 3
675 6232 766 6288 sed
796 6234 1101 6305 peritissimi
1129 6232 1352 6305 quidem
1374 6235 1698 6307 cujusquam
1722 6237 2003 6290 inuentum

1881 6326 2005 6390 [est.

2161 1908 2341 1966 κισσὸν
2361 1906 2491 1985 ὑπὲρ
2520 1905 2723 1983 τύμὸου
2753 1910 2924 1976 ζῶντα
2949 1906 3175 1984 Μάχωνι
3206 1906 3411 1986 φέροις,

2083 1996 2143 2053 οὗ
2162 1994 2266 2074 γὰρ
2296 1994 2434 2074 ἔχεις
2455 1997 2665 2075 κηφῆνα
2688 1995 3080 2073 παλίμπλυτον,
3101 1992 3218 2053 ἀλλ’
3250 1993 3351 2072 ἄρα
3381 1991 3570 2075 τέχνης

2164 2081 2305 2151 ἄξιον
2335 2082 2562 2163 ἀρχαίης
2585 2081 2828 2164 λείψανον
2852 2081 3136 2162 ἧμφίεσας.

2084 2174 2237 2231 τοῦτο
2274 2170 2319 2230 δ’
2360 2176 2390 2232 ὃ
2414 2169 2646 2252 πρέσὸυς
2670 2169 2801 2250 ἔρει,
2830 2199 2854 2223 α
2888 2170 3156 2251 Κέκροπος
3195 2168 3351 2245 πόλι,
3382 2169 3471 2229 καὶ
3513 2168 3661 2246 παρὰ

2166 2347 2307 2407 ἔστιν
2333 2347 2411 2408 ὅτ’
2434 2351 2488 2408 ἕν
2517 2349 2755 2416 Μούσαις
2782 2346 2938 2429 δριμὺ
2968 2307 3169 2427 πέφυκε
3198 2345 3337 2425 μέλι.
3376 2375 3401 2398 n
3485 2258 3662 2337 Νείλῳ

2089 2459 2298 2516 Praeter
2325 2459 2584 2517 dramata
2624 2459 2868 2515 Machon
2892 2456 3146 2513 versibus
3175 2457 3412 2512 senariis
3441 2457 3664 2531 scripsit

2090 2544 2316 2625 Χρείας,
2357 2550 2417 2604 in
2459 2548 2668 2623 quibus
2716 2546 2894 2603 multa
2926 2545 3243 2601 multorum
3273 2544 3472 2601 festive
3508 2542 3664 2598 dieta

2675 2871 2723 2929 Ι.
2769 2867 3069 2929 Arnon.

2172 3012 2378 3072 Athen.
2406 3019 2497 3079 ι4,
2519 3029 2580 3086 p.
2617 3008 2757 3080 664,
2782 3007 2859 3083 Α,
2889 3007 2963 3065 de
2980 3017 3192 3082 mattya
3220 3006 3239 3083 (
3269 3028 3328 3064 v.
3356 3018 3556 3068 annot.
3589 3008 3666 3065 ad

2093 3098 2377 3172 Aristoph.
2399 3097 2555 3154 Nub.
2586 3094 2726 3170 445)
2752 3092 2995 3166 :tuocum
3021 3092 3077 3153 δὲ
3099 3093 3192 3153 καὶ
3213 3084 3360 3162 οὗτος
3381 3096 3665 3173 (Machon)

2092 3185 2145 3242 ἕν
2174 3183 2399 3264 δράματι
2421 3182 2629 3265 Ἀγνοία
2656 3184 2837 3255 ταυτὶ,

2190 3300 2377 3374 ἥδιον
2410 3298 2578 3373 οὐδέν
2606 3304 2735 3373 ἐστί
2765 3329 2869 3397 μοι
2901 3312 3009 3381 τῆς
3043 3305 3335 3396 ματτύης.

2188 3408 2369 3480 Τοῦτ’
2393 3409 2514 3481 εἴτε
2543 3422 2774 3504 πρῶτοι
2795 3401 3142 3487 Μακεδόνες
3176 3416 3302 3487 τοῖς
3333 3403 3617 3489 Ᾰττικοῖς

2187 3512 2544 3596 κατέδειξαν
2576 3523 2746 3608 ἡμῖν,
2772 3515 2898 3584 εἴτε
2915 3515 3159 3592 πάντως
3187 3515 3241 3581 οἱ
3267 3513 3385 3581 Θεοὶ
3404 3565 3426 3593 ,

2189 3627 2297 3689 οὐκ
2316 3617 2489 3691 οἶδα·
2518 3625 2681 3696 πλήν
2705 3624 2864 3700 τινός
2891 3620 3021 3688 εῗστί
3050 3646 3119 3714 γε
3148 3619 3623 3711 μουσικωτάτου.

2094 3755 2273 3810 Versu
2314 3752 2352 3809 3
2394 3748 2697 3819 κατέδειξαν
2746 3752 2882 3809 cod.
2925 3753 3014 3820 L.;
3072 3752 3249 3807 ceteri
3297 3747 3660 3818 κατεδίδαξαν.

2095 3840 2242 3901 lbid.
2267 3842 2460 3916 inepte
2480 3839 2655 3898 codd.
2681 3836 2892 3905 πάντες.
2910 3837 3095 3896 lmmo
3113 3835 3347 3913 πάντως,
3366 3838 3428 3896 h.
3456 3857 3507 3897 e.
3532 3838 3667 3908 ἄλη·
3692 3845 3696 3850 ’

2093 3930 2226 3995 Θῶςι
2262 3928 2338 3988 cs.
2368 3929 2654 4005 Aristoph.
2687 3928 2837 3988 Plnt.
2872 3926 3010 3997 273,
3052 3938 3164 3986 etc.
3202 3929 3269 3987 V.
3301 3934 3334 3994 4
3371 3927 3503 3983 libri
3525 3924 3667 3998 πλὴν

2091 4014 2206 4075 ἔστι
2229 4038 2290 4094 γε
2319 4037 2477 4171 μνοόιὲσ.
2504 4013 2662 4082 τινός.
2695 4016 2979 4074 Inutiliter
2997 4015 3316 4091 Schweigh.
3342 4011 3481 4084 πλήν
3514 4013 3566 4089 γ’
3586 4009 3667 4071 ὅτι

2095 4127 2253 4184 μοῦσα
2293 4127 2344 4164 τι
2428 4148 2446 4165 0

2610 4229 2687 4288 ιι.
2727 4227 3139 4289 emm-oin.
3201 4207 3205 4212 '

2173 4361 2378 4419 Athen.
2409 4361 2468 4428 8,
2499 4379 2562 4434 p.
2603 4357 2740 4434 345,
2768 4360 2849 4416 F:
2881 4354 3083 4435 εἴρηται
3110 4353 3276 4412 δὲκαὶ
3303 4351 3593 4433 ὀψοφάγος,
3622 4343 3667 4412 ὦ

2094 4448 2320 4525 ἑταῖροι,
2352 4442 2527 4503 καὶτὸ
2555 4445 2837 4524 ὀψοφαγεῖν
2954 4440 3160 4519 Μάχων
3190 4440 3504 4521 Ἐπιστολῇ,

2240 4591 2568 4688 ὀψοφάγος
2603 4593 2729 4687 εἰμί
2749 4622 2763 4637 ·
2793 4604 2972 4660 τοῦτο
3003 4585 3063 4658 δ’
3091 4590 3219 4658 ἐστὶ
3245 4600 3353 4667 τῆς
3383 4594 3600 4681 τέχνης

2240 4703 2511 4794 Θεμέλιον
2545 4708 2719 4793 ἡμῖν.
2767 4698 3278 4793 Προσπεπονθέναι
3305 4723 3368 4763 τι
3399 4690 3502 4765 δεῖ

2240 4811 2348 4874 τὸν
2379 4812 2460 4900 μὴ
2494 4805 2576 4874 τὰ
2597 4806 3003 4899 παρατεθέντα
3035 4805 3477 4896 λυμανούμενον
3496 4828 3510 4842 ·

2242 4913 2641 5005 πεφροντικὼς
2672 4916 2856 4978 αὑτοῦ
2885 4907 3000 5005 γὰρ
3035 4913 3143 4976 οὐκ
3180 4910 3360 4976 ἔσται
3395 4912 3597 4988 κακός·

2047 5079 2048 5085 ,
2101 5016 2140 5088 5
2242 5020 2373 5087 ἐπεί
2401 5015 2482 5104 τ’,
2512 5014 2661 5084 ἐπὰν
2697 5014 2986 5109 ἦκαθαρὰ
2999 5015 3378 5107 τᾴσθητήρια
3398 5064 3417 5096 ,

436 5109 520 5162 ria
561 5107 747 5161 omitti
779 5106 1002 5180 potuit,
1051 5103 1267 5174 fateor-3
1316 5105 1416 5161 sed
1460 5104 1854 5162 Alexandrinis
1897 5106 2003 5161 illis
2047 5117 2049 5153 ἰ

2244 5132 2351 5192 οὐκ
2376 5120 2448 5190 ἂν
2482 5116 2809 5217 διαμάρτοι
2830 5118 2924 5216 γ’,
2956 5119 3227 5212 ἑψαλέων
3252 5124 3424 5212 γεύου
3438 5123 3659 5188 πυκνά.

2243 5225 2410 5307 Ᾰλας
2453 5234 2562 5297 οὐκ
2591 5232 2751 5321 ἔχει,
2801 5224 3162 5320 προσένεγκ’·
3194 5222 3288 5291 ἔτ’
3353 5219 3662 5324 ἐπιδεῖταί

3476 5356 3630 5405 τινος
3648 5382 3665 5406 ‚

2247 5442 2435 5507 πάλιν
2466 5467 2535 5534 γε
2564 5444 2756 5533 γεύου·
2798 5435 3169 5530 συμμετρίαν
3191 5442 3268 5512 ὡς
3290 5437 3550 5529 ἁρμόσῃς
3573 5484 3591 5516 ,

2703 5623 3069 5678 EPISTOLA.

2206 5712 2432 5786 opsonii
2458 5727 2582 5768 sum
2611 5708 2783 5768 edax:
2814 5708 2920 5765 hoe
2940 5709 3093 5765 enim
3114 5707 3247 5763 artis
3273 5713 3472 5763 nostrae

2206 5799 2623 5858 fundamentum
2637 5806 2739 5855 est.
2759 5799 2985 5870 Insuper
2998 5797 3158 5868 plecti
3172 5804 3468 5867 utcumque
3485 5794 3661 5862 debet,

2204 5889 2297 5960 qui
2322 5903 2429 5942 non
2450 5895 2533 5942 est
2557 5886 2784 5942 iaesurus
2806 5883 3076 5941 adstantia
3104 5903 3118 5937 ε

2205 5976 2305 6031 sibi
2336 5976 2481 6031 enim
2513 5974 2849 6047 prospiciens
2877 5970 3024 6028 haud
3054 5972 3198 6028 male
3220 5979 3417 6043 coquet
3457 5990 3474 6036 :¹

2099 6070 2131 6119 5
2206 6064 2486 6135 «quioniam,
2519 6063 2566 6118 si
2593 6061 2716 6134 puri
2739 6067 2871 6117 sunt
2892 6075 3105 6123 sensus.

2203 6165 2318 6205 non
2344 6150 2663 6215 erraverint,
2692 6147 2889 6219 saepius
2914 6154 3071 6218 gusta
3099 6146 3266 6203 eibos.

2204 6235 2292 6291 Sal
2311 6249 2421 6290 non
2442 6232 2644 6290 babent
2669 6253 2682 6289 :
2705 6232 2875 6302 adde3
2899 6232 3081 6290 adhue
3098 6232 3277 6304 aliquo
3304 6230 3549 6302 indigent
3571 6247 3588 6282 ι
3694 6299 3699 6304 ¹

2203 6323 2386 6381 denuo
2409 6321 2628 6405 quidem
2648 6329 2836 6395 gusta:
2860 6320 3227 6395 symmetriam
3256 6327 3318 6376 ut
3339 6318 3561 6376 efficiaS.
