4084 8009
240 1512 278 1562 40
731 1503 934 1564 cottOEtttAE
955 1503 1121 1565 vutuuts
1143 1503 1351 1578 ttEttQtttAE.

608 1638 653 1695 tl.

277 1744 358 1799 ldetn
373 1744 409 1799 ad
427 1742 494 1800 Pac.
519 1743 575 1816 675
604 1763 610 1798 :
634 1741 807 1820 ’λ’πίράολος·
829 1746 870 1800 ὅτι
891 1743 959 1819 μετὰ
976 1745 1018 1801 τὸν

200 1868 205 1877 ·
237 1819 349 1889 Κλέωνα
377 1828 539 1905 Ὑπίρὸολος
563 1830 810 1903 tantitatem...
835 1831 1016 1911 λυχνοπόιλης,

235 1920 333 1997 φαῦλος
347 1916 405 1984 τοὺς
418 1917 564 1997 τρόπους...
579 1918 625 1976 καλ
638 1921 688 1997 Κρ.
702 1918 729 1976 di
745 1922 770 1978 ἐν
786 1920 822 1979 ll.

283 2036 450 2131 Ῠπίρόολον
476 2035 507 2107 δ’
539 2035 708 2116 άποσόίοας
737 2044 765 2106 ἐν
790 2048 851 2118 τοῖς
881 2044 1017 2133 λύχνοισι

894 2145 1015 2239 γράψον.

272 2284 416 2341 Pertineut
430 2284 490 2339 haec
504 2280 605 2339 eodem
620 2302 678 2357 quo
691 2282 793 2360 fragm
813 2283 858 2340 13.

606 2402 650 2459 15.

269 2527 372 2585 Athen.
389 2528 418 2596 3,
436 2546 466 2601 p.
484 2534 535 2601 94,
553 2530 575 2584 F
596 2547 603 2582 ι
619 2525 720 2604 χορδῶν
739 2524 871 2601 μίμνηται
882 2524 1014 2605 Ἐπίχαρ-

230 2636 323 2688 μος...
340 2616 394 2691 Κρ.
410 2616 436 2672 b
450 2615 487 2673 ll.

280 2770 296 2801 n
310 2737 351 2818 be
374 2741 501 2824 λεπτὸς,
521 2773 532 2796 ι
552 2739 571 2812 ἦ
589 2733 619 2806 δ’
644 2739 693 2826 ὃς,
713 2768 729 2801 ο
747 2742 810 2808 ἔσθ’
827 2747 843 2807 ὁ
867 2753 923 2819 τῆς
942 2767 1013 2833 χορ-

793 2840 849 2925 δῆς
871 2842 977 2939 τόμοςί
1000 2880 1011 2904 ν

226 2978 417 3033 Probabiliter
431 2976 554 3033 Meinek.
567 2976 622 3031 boc
634 2976 681 3045 tr..
698 2978 822 3050 itemque
838 2975 885 3050 16,
899 2977 1010 3032 desum·

1068 1638 1185 1691 τοιαῦτα.
1207 1638 1275 1706 Qua
1287 1636 1323 1691 ad
1338 1638 1429 1708 ipsum
1441 1638 1547 1691 Cratini
1559 1639 1656 1693 locum
1668 1642 1828 1711 pertinent.
1842 1669 1856 1693 ι

1068 1723 1112 1778 Μ.
1126 1724 1236 1778 Scilicet
1255 1724 1359 1797 lagenae
1371 1735 1397 1779 et
1412 1725 1512 1780 similia
1525 1725 1751 1784 conficiebantur
1764 1734 1856 1787 etiam

1066 1829 1081 1865 a
1097 1811 1262 1867 custodibus
1276 1813 1384 1886 publici
1403 1816 1542 1882 carceris,
1564 1816 1655 1888 qualis
1675 1817 1857 1877 conditionis

1065 1898 1193 1954 homines
1205 1902 1265 1954 otio
1279 1899 1425 1955 abundare
1439 1902 1531 1955 solent
1545 1922 1552 1956 :
1566 1921 1659 1976 neque
1680 1907 1757 1959 enim
1778 1908 1854 1964 dee-

1065 1998 1129 2041 rant
1139 1988 1224 2059 quiin
1232 1987 1286 2042 hac
1297 1999 1357 2042 arte
1368 1990 1428 2043 sola
1437 2002 1630 2059 versarentur,
1645 1993 1735 2048 veluti
1744 1996 1855 2052 Diitre-

1063 2074 1218 2148 phesapud
1227 2076 1374 2149 Aristopb.
1383 2080 1435 2131 Ar.
1445 2096 1492 2150 79.
1502 2101 1515 2126 ι
1526 2077 1727 2149 Καταπιττουμ.
1738 2100 1746 2139 t
1758 2101 1853 2155 quum

1065 2159 1168 2234 lagenae
1191 2161 1245 2217 illae
1263 2182 1298 2218 ex
1319 2163 1473 2218 viminibus
1489 2164 1622 2235 juncisve
1638 2168 1728 2239 plexae
1739 2184 1852 2246 essent,

1064 2261 1282 2305 cousentaneum
1292 2261 1348 2317 est,
1361 2269 1397 2306 ne
1408 2251 1549 2324 liquorem
1559 2255 1728 2327 emitterent,
1739 2261 1850 2314 extrin-

1062 2352 1139 2390 secus
1160 2338 1226 2410 pice
1244 2338 1289 2393 vel
1303 2338 1442 2394 bitumine
1457 2339 1598 2395 obductas
1618 2341 1715 2417 ίιιίεοο,
1734 2355 1767 2401 ut
1792 2348 1853 2403 alia

1063 2440 1179 2497 quoque
1190 2442 1271 2497 rasa,
1289 2428 1446 2499 presertim
1460 2425 1566 2483 fictilia.
1578 2428 1705 2486 Galenus
1725 2431 1743 2487 6
1759 2434 1850 2507 Epid.

1063 2513 1213 2588 Hipporu,
1230 2515 1273 2570 tit.
1293 2533 1339 2583 to,
1364 2533 1395 2588 p.
1416 2523 1472 2589 497
1493 2517 1554 2571 lias.
1579 2516 1717 2594 ειδρήοεις
1730 2524 1792 2596 γοῦν
1815 2523 1851 2579 τά

1062 2597 1109 2673 μὲν
1122 2603 1226 2677 (intell.
1242 2600 1275 2657 τδ
1286 2600 1418 2679 κεράμια)
1433 2601 1484 2660 barb
1498 2601 1590 2674 πίττης
1603 2602 1620 2674 ἢ
1636 2604 1719 2686 γύψου
1733 2630 1853 2684 στεγνω-

1061 2687 1137 2746 θέντα
1158 2687 1324 2769 μονιμώτερα
1341 2689 1479 2766 γινόμενα,
1498 2689 1532 2747 τδ
1552 2692 1574 2747 δ’
1588 2691 1638 2750 tal
1651 2694 1730 2768 μόνου
1747 2695 1851 2775 δέρμα-

1060 2798 1102 2841 τος
1125 2767 1215 2847 ἧττον,
1235 2790 1292 2835 etc.
1314 2805 1326 2827 ν
1347 2780 1535 2854 Ell1.1gitur
1554 2780 1691 2853 ejusmodi
1713 2785 1852 2860 lagenam

1060 2866 1153 2921 bonus
1165 2870 1208 2923 vir
1218 2868 1363 2942 Cratinus,
1386 2880 1414 2923 et
1426 2869 1543 2941 quidem
1558 2890 1613 2945 pro
1625 2874 1782 2931 vinolentia
1794 2895 1853 2935 sua

1059 2956 1143 3010 solito
1171 2958 1368 3032 capaciorem,
1393 2967 1425 3011 ut
1445 2957 1600 3028 conjicias,
1632 2960 1766 3017 fabricari
1789 2967 1852 3022 sibi

225 3077 307 3139 ptum
318 3076 399 3140 putat
412 3083 448 3121 ex
467 3064 661 3139 descriptione
679 3065 822 3134 convivii,
846 3067 939 3138 inquo
960 3067 1007 3123 Cr.
1055 3041 1182 3115 imerii,
1197 3064 1283 3119 ‘lum
1294 3064 1361 3100 ⁰¹⁰¹
1376 3046 1761 3122 aecilliendlm83‘0l1‘5m‘2<
1776 3053 1849 3125 illis,

225 3156 297 3210 cibis
311 3165 339 3210 et
358 3156 427 3208 uiuo
441 3154 556 3227 largiter
567 3170 596 3208 se
608 3154 803 3227 ingurgitavit.

597 3271 642 3327 16.

265 3388 365 3442 Pollux
386 3404 432 3456 10,
450 3403 487 3455 70
507 3405 513 3437 :
541 3386 666 3463 ἀμφορεῖς
684 3382 730 3441 καί
748 3361 942 3463 α’μφορίάκους,
965 3383 1009 3441 καί

224 3472 319 3537 κάδους
330 3470 375 3529 καί
387 3469 560 3537 καδίσκους...
580 3470 625 3528 καί
641 3472 691 3550 Κρ.
708 3468 735 3529 δὲ
750 3472 777 3529 ἐν
789 3473 827 3531 Π.

421 3594 495 3671 Τοὺς
513 3594 565 3684 μὲν
580 3597 613 3659 ἐκ
629 3587 824 3688 προχοιδίου,

272 3705 339 3778 τοὺς
361 3695 392 3768 δ’
410 3703 442 3765 ἐκ
459 3693 614 3768 καδίσκου.

221 3834 289 3902 Τοὺς
301 3835 360 3913 μὲν,
372 3833 429 3901 rob<
439 3833 467 3892 δέ
483 3855 490 3895 :
503 3838 592 3893 intell.
607 3838 733 3916 ποτῆρας.
748 3835 870 3894 lleinek.
885 3855 891 3892 :
914 3860 924 3883 ι
940 3838 1005 3891 lmi-

222 3925 476 3982 tatusessevidetur
484 3926 597 3981 Strattis
603 3926 680 4000 apud
691 3926 794 3982 Athen.
806 3944 816 3979 t
826 3944 850 3994 1,
857 3944 887 3999 p.
899 3926 965 3994 ⁴73,
973 3927 1004 3994 C,

260 4043 377 4121 Ἑρμῆς,
392 4041 420 4100 δν
429 4043 533 4102 ἔλκουσ’
547 4046 570 4101 oi
583 4045 631 4120 pbr
645 4047 675 4102 ἐκ
690 4042 857 4122 προχοιδίου,

260 4135 284 4189 οἱ
297 4133 320 4189 δ’
334 4132 364 4189 ἐκ
381 4129 516 4191 καδίσκου.
529 4160 541 4183 ν

221 4254 323 4333 Ἑρμῆς
335 4256 438 4326 dictus,
452 4258 630 4314 inhonorem
644 4258 777 4313 Mercurii
790 4258 914 4324 haustus,
932 4257 1003 4311 calix

219 4346 336 4401 ultimus
357 4346 551 4402 convivarum.

590 4478 635 4531 17.

257 4574 353 4631 Schol.
368 4572 456 4649 Sopb.
474 4571 551 4644 Ajac.
571 4568 636 4647 105,
651 4582 680 4627 et
694 4570 813 4639 Suidas,
835 4566 1001 4645 Δεσμώτηςε

1058 3132 1141 3187 alicui
1162 3134 1293 3188 familiari
1313 3152 1343 3189 se
1357 3143 1583 3188 monstraturum
1605 3154 1663 3191 esse
1685 3137 1767 3198 dicit.
1789 3143 1852 3197 tti-

1058 3239 1111 3274 nus
1130 3223 1330 3277 verosimiliter
1343 3223 1430 3279 Mein.
1448 3239 1455 3278 :
1473 3247 1484 3270 ι
1500 3225 1567 3278 Haec
1586 3216 1636 3279 atb
1651 3222 1851 3308 (personatu)

1058 3313 1154 3365 uxoris
1168 3312 1275 3366 Cratini
1289 3322 1338 3366 aut
1354 3312 1439 3366 unius
1453 3313 1611 3368 amicorum
1623 3315 1710 3371 verba
1724 3335 1786 3374 csse
1798 3311 1850 3377 ni-

1056 3401 1162 3473 spicor,
1173 3399 1253 3453 brevi
1268 3400 1395 3455 futurum
1417 3399 1554 3469 dicentis,
1576 3412 1609 3456 ut
1630 3422 1694 3476 quae
1713 3423 1793 3463 nuuc
1809 3410 1851 3466 art

1057 3505 1137 3541 usum
1158 3487 1289 3543 inhabilis
1313 3487 1386 3543 sacta
1405 3490 1440 3543 sit
1458 3490 1555 3563 lagena
1582 3488 1699 3567 (fragm.
1731 3492 1766 3569 8)
1792 3498 1850 3553 ob·

1057 3572 1144 3629 ducto
1157 3576 1296 3631 bitumine
1309 3577 1542 3634 reconcinnetur.
1558 3600 1570 3626 ν

1427 3687 1470 3741 ι8.

1094 3801 1195 3856 Suidas
1208 3821 1237 3857 v.
1251 3797 1403 3875 Ἀράχνιον,
1419 3801 1467 3854 ubi
1491 3803 1567 3856 vocis
1582 3800 1694 3878 ἀράχνια
1709 3809 1843 3883 exempla

1053 3892 1250 3964 proponit
1269 3890 1396 3964 Κρατῖνος
1406 3882 1432 3943 δὲ
1447 3889 1483 3947 [Ι.

1103 3999 1256 4104 Ᾰραχνίων
1271 4006 1384 4094 proris
1394 4003 1472 4094 ἔχεις
1488 4007 1542 4076 τὴν
1558 3994 1701 4095 γαστέρα.

1054 4129 1225 4209 Φερεκράτης
1238 4128 1395 4210 Τυραννίδν

1095 4243 1211 4321 Ἀράχνι’
1225 4242 1314 4320 ὥσπερ
1329 4251 1386 4308 ταῖς
1403 4250 1522 4299 σιπυαίσι
1541 4250 1598 4308 ταῖς
1614 4250 1711 4309 κεναῖς.

1053 4358 1176 4436 Νικοφῶν
1189 4337 1451 4435 Ἀφροδίτηςγοναῑς·

1091 4465 1226 4546 Ἀράχνιόν
1239 4490 1264 4523 τι
1280 4466 1380 4545 φαίνετ’
1394 4464 1584 4545 ίμπεφυκέναι.

1050 4582 1137 4639 Mein.
1164 4580 1312 4635 manifesto
1329 4589 1432 4651 ,στοαῖς
1451 4581 1577 4654 primum
1602 4599 1691 4655 quum
1713 4570 1770 4659 'Ap'
1797 4585 1842 4641 bis

216 4660 262 4719 καί
274 4661 352 4727 αιἰτδς
367 4664 381 4719 δ
395 4660 516 4736 δίσμιος,
531 4661 567 4725 ὡς
579 4662 593 4717 δ
605 4655 742 4736 δεσμώτης
754 4657 918 4743 Προμηθεὺς,
930 4658 1001 4714 καὶὸ
1048 4668 1193 4724 versiculis
1206 4667 1326 4741 praefixit
1346 4666 1383 4719 ad
1404 4667 1586 4741 integrandos
1605 4670 1713 4742 primos
1733 4689 1841 4727 eorum

216 4748 331 4823 δεσμῶν.
346 4749 399 4826 Κρ.
415 4750 441 4806 ἐν
456 4748 492 4805 Π.
510 4744 553 4804 ἐπί
569 4748 620 4803 τῶν
635 4744 853 4826 δεσμοφυλάκυιν·

264 4861 341 4957 ὄψει
363 4868 422 4963 γάρ
444 4873 536 4944 αὐτὴν
555 4870 635 4947 ἐντὸς
649 4874 681 4936 οὺ
699 4876 814 4935 πολλοῦ
825 4871 927 4961 χρόνου

265 4974 345 5067 παρὰ
359 4982 440 5040 τοῖσι
455 4970 641 5067 δεσμώταισι
659 4976 946 5064 καταπιττουμένην.

215 5100 305 5168 Ἐντὸς
316 5103 346 5160 οὗ
359 5123 389 5161 π.
403 5124 446 5180 χρ.
459 5105 531 5160 bene
546 5106 629 5160 Μαίη.
642 5124 697 5179 pro
712 5101 785 5167 ἐκτὸς
794 5116 861 5172 etc,
875 5106 957 5178 plane
971 5115 1003 5159 ut
1024 5121 1028 5147 ¹

215 5193 293 5248 Plato
315 5193 408 5247 Alcib.
434 5212 445 5248 t
473 5212 503 5267 p.
529 5193 597 5263 106,
619 5194 656 5262 C,
678 5194 880 5249 Demosthenes
901 5194 932 5248 C.
955 5195 1001 5247 Ti·

214 5299 303 5337 mocr.
321 5299 351 5355 p.
368 5299 436 5350 720,
450 5287 486 5345 at.
506 5296 513 5337 ε
529 5278 599 5346 ἐντὸς
615 5280 756 5359 τριάκοντα
767 5280 886 5357 ἡμερῶν.
900 5280 1001 5336 Suidas

212 5368 312 5427 πολλοῦ
323 5366 426 5446 χρόνον,
437 5369 527 5424 schol.
539 5368 628 5447 πολλῷ
647 5367 745 5448 χρόνῳ.
761 5367 861 5442 Αὐτόν,
876 5372 936 5424 scil.
953 5366 999 5438 τὴν

211 5454 337 5529 πυτίνην,
360 5475 422 5530 quae
448 5455 568 5512 dramati
590 5449 698 5512 nomen
724 5457 814 5514 dedit.
843 5481 854 5504 ιι
874 5457 995 5529 llesych.

213 5543 313 5614 Πυτίνη
331 5563 338 5602 :
354 5542 455 5615 πλεκτὴ
478 5540 588 5622 λάγυνος
610 5543 690 5602 οἴνου.
716 5543 827 5602 ἔπλικον
852 5540 878 5600 δὲ
900 5542 996 5609 ταύτας

213 5634 337 5704 (merito
350 5633 407 5689 boc
423 5634 510 5689 Mein.
525 5634 693 5709 praeferebat
711 5636 828 5709 vulgato
848 5636 944 5710 ταῦτα)
963 5636 998 5697 ὡς

212 5716 257 5774 ἐπί
284 5716 314 5775 τδ
339 5719 406 5777 πολὺ
430 5721 454 5778 οἱ
483 5721 634 5796 δεσμῶται,
657 5717 702 5776 καί
728 5718 868 5799 σπυρίδας,
897 5718 942 5777 καί
964 5718 997 5775 τδι

209 5972 398 6046 Hyperbolum
409 5990 472 6030 vero
481 5896 642 6033 exstiucitim
654 5976 811 6034 inlucernis
822 5976 946 6050 depinge.

582 6068 624 6117 15.

209 6147 258 6204 llle
266 6146 445 6204 autemdixit:
456 6151 562 6221 «Quam
570 6160 732 6223 parvumest
740 6150 858 6209 frustum
868 6152 968 6211 botuli!
980 6178 992 6203 »

210 6319 286 6376 Alios
299 6319 410 6393 quidem
423 6321 550 6392 (calices)
566 6243 715 6393 clrdsmto.

1020 5468 1025 5523 t
1046 5458 1248 5512 Valckenarius
1272 5458 1362 5512 Diatr.

1045 5548 1186 5600 esuriente
1211 5543 1402 5617 intelligebat,
1424 5544 1581 5599 admonens
1603 5547 1708 5599 sacculi
1730 5541 1835 5600 Caml-

1048 4756 1149 4830 pedes,
1165 4758 1244 4829 quasi
1266 4756 1481 4809 inusitata'esset
1503 4755 1608 4828 positio
1628 4756 1738 4832 debilis,
1756 4760 1841 4829 cujus

1049 4863 1108 4898 non
1125 4843 1227 4898 desunt
1241 4843 1368 4915 exemplu
1392 4841 1469 4915 apud
1483 4854 1595 4915 poetas,
1607 4843 1728 4914 deinde,
1744 4863 1839 4917 quum

1048 4926 1096 4999 τὴν
1108 4927 1222 5007 γαστέρα
1233 4931 1436 5002 interpretatur
1448 4950 1549 4985 cavum
1560 4931 1682 5005 lagenae,
1694 4934 1837 5005 quoniam

1048 5021 1155 5073 scilicet
1165 5015 1273 5080 κύλικας
1282 5015 1446 5092 γαστρώδεας
1455 5017 1526 5074 dixit
1538 5019 1715 5074 Pherecrates
1727 5020 1835 5081 Athen.

1053 5114 1099 5174 th,
1121 5126 1149 5180 p.
1166 5106 1234 5173 481,
1250 5108 1280 5173 Ε,
1303 5116 1330 5159 et
1347 5118 1470 5160 ventrem
1488 5109 1599 5178 lageuoe
1617 5107 1761 5162 Juvenalis
1783 5127 1835 5184 ια,

1049 5192 1097 5250 60.
1116 5220 1126 5242 υ
1142 5197 1182 5248 Ac
1196 5193 1248 5246 fnit
1262 5194 1362 5260 etiam,
1377 5218 1389 5241 ι
1406 5193 1512 5264 inquit,
1530 5219 1541 5240 ο
1557 5195 1665 5248 vasculi
1679 5194 1836 5268 geuuspci·

1049 5302 1115 5356 στρα
1144 5280 1189 5334 rel
1212 5276 1335 5354 γαστρίον
1361 5278 1488 5346 dictum,
1512 5279 1547 5334 dc
1576 5299 1634 5352 quo
1660 5282 1837 5339 Letronnius

1046 5369 1204 5425 Comment.
1212 5368 1248 5422 dc
1258 5367 1420 5421 nominibus
1428 5385 1561 5423 vasorum
1570 5385 1729 5442 graecorum
1738 5386 1770 5443 p.
1781 5367 1831 5428 31.

1387 5475 1418 5529 p.
1448 5456 1502 5529 169
1525 5458 1634 5512 Cratini
1658 5475 1771 5512 versum
1794 5458 1835 5515 de

1045 5634 1290 5687 lianiaraneururu
1300 5633 1381 5703 pleni
1395 5630 1431 5704 (i.
1443 5650 1469 5686 e.
1484 5630 1609 5705 vacui).
1628 5656 1640 5681 ν
1657 5634 1729 5687 Sane
1740 5632 1834 5689 verba

1045 5718 1223 5796 Ἀραχνίοιν...
1240 5717 1356 5794 γαστέρα
1375 5719 1420 5774 vel
1435 5720 1470 5773 ab
1485 5737 1591 5788 uxore,
1612 5720 1656 5775 vel
1678 5719 1715 5774 ab
1730 5718 1833 5793 aliquo

1017 5902 1020 5910 ⁴
1043 5889 1109 5944 alios
1120 5896 1211 5943 autem
1223 5904 1238 5942 c
1251 5884 1328 5941 cado.

1415 5982 1456 6028 17.

1043 6064 1154 6120 Videbis
1166 6066 1240 6120 cuim
1256 6065 1329 6121 illam
1348 6064 1420 6119 brevi

1041 6153 1113 6226 apud
1128 6153 1250 6225 captivos
1266 6154 1323 6222 pice
1337 6150 1496 6207 obductam.

1414 6245 1455 6293 18.

1043 6334 1208 6387 arancarum
1224 6327 1336 6402 plenum
1348 6327 1429 6384 hahes
1442 6334 1573 6382 ventrem.
