4084 8009
246 1459 303 1512 608

294 1588 359 1652 Οὐκ
371 1584 466 1669 ἔστιν,
483 1579 507 1647 ὦ
521 1582 647 1674 μάταιε,
667 1583 716 1647 σὺν
731 1584 858 1674 ῥᾳθυμίᾳ

292 1688 334 1755 τὰ
347 1699 408 1755 τῶν
421 1691 589 1755 πονούντων
607 1692 648 1779 μὴ
663 1692 849 1767 πονήσαντας
861 1684 978 1755 λαύεῒν.

625 1833 650 1869 a.

284 1929 400 1986 Anthol.
420 1927 508 2012 Palat.
524 1944 585 2001 cap.
602 1945 654 1996 ιι,
669 1894 737 1992 dhe.

293 2048 320 2118 ὁ
334 2053 492 2144 Πειραιεὺς
505 2047 612 2142 κάρυον
628 2044 695 2142 μέγ’
711 2049 780 2114 ε’στὶ
793 2053 845 2114 καὶ
858 2048 951 2114 κενόν.

245 2159 328 2239 νοω
341 2175 861 2257 aestopaanesasxaaspernamenta
874 2176 1029 2232 brevitas.

248 2265 316 2335 145,
329 2266 379 2322 ubi
393 2285 420 2325 ν,
432 2284 513 2335 ann,
529 2265 616 2321 etalii
631 2284 645 2320 a
658 2266 787 2321 Porsono
798 2274 827 2321 et
836 2263 959 2322 Meineh.
972 2261 1032 2318 eol·

247 2354 304 2409 lati.
394 2393 396 2399 s

623 2450 650 2505 3.

283 2561 463 2619 Dicaearchus
479 2564 544 2620 Vita
555 2562 646 2619 Graec.
658 2581 690 2636 p.
707 2559 744 2616 30
760 2560 807 2616 ed.
825 2561 932 2618 Buttm.
948 2557 1030 2615 ιδου-

244 2647 361 2715 λούοντες
372 2647 423 2729 γάρ
435 2650 647 2726 [Chalcidenses
658 2647 795 2725 Euboici)
812 2643 894 2705 πολθν
906 2644 958 2716 ἤδη
967 2642 1033 2724 χρά-

244 2758 302 2810 νον,
313 2744 366 2803 τοῖς
384 2736 412 2795 δὲ
426 2734 529 2816 τρύποις
540 2736 611 2802 ὄντας
625 2733 771 2814 ίλιύθιροι,
787 2732 905 2812 μεγάλην
919 2731 1033 2813 ιίλήφα-

246 2848 287 2885 σιν
299 2823 351 2895 ίξιν
360 2828 406 2883 τοῦ
416 2824 502 2905 φίριιν
516 2821 639 2906 ρφθύμως
651 2819 684 2881 τά
696 2822 905 2904 προσπίπτοντα.
919 2819 1033 2899 δστίχος

245 2912 388 2975 Φιλίσκου·

293 3022 1031 3123 Χρηστῶνσφύδρέ”σθ’ἡΧαλκὶςθλλιίνωνπολις.

626 3161 655 3220 θ.

285 3293 298 3318 ι
309 3269 480 3325 Dubitanter
498 3268 542 3324 his
560 3267 637 3324 addo
663 3265 772 3323 Pollae.
789 3265 818 3335 3,
836 3263 873 3321 56
894 3283 901 3319 t
921 3265 1032 3321 τοῦτο...

245 3357 502 3433 πολιτογραφιῑν
514 3352 642 3418 Φίλιστος
654 3353 745 3423 καλεῖ,
756 3354 806 3409 uhi
817 3352 881 3409 cod.
894 3351 1031 3409 Fallsenb.

246 3462 330 3519 snper
343 3464 375 3501 ατ
387 3443 475 3500 habet
486 3464 529 3500 οκ.
546 3467 557 3493 ο
574 3444 663 3500 Mein.

587 3663 677 3723 Lxx.

529 3776 741 3846 SIMYLUS.

262 3913 265 3918 '
284 3931 298 3961 ι
315 3910 398 3966 iluna
407 3918 524 3985 poetam
534 3907 673 3965 archonte
682 3904 862 3978 Diotimo,h.
876 3920 903 3963 e.
917 3904 1032 3980 olymp.

251 3994 318 4067 106,
330 4013 348 4052 a
361 3994 442 4074 (ante
451 3995 517 4054 Chr.
533 3992 608 4072 355)
624 3992 733 4051 fabulas
744 3994 894 4063 docuisse,
913 3994 1034 4050 manile-

246 4092 321 4139 stnm
335 4095 404 4139 este
418 4083 501 4139 titulo
516 4100 564 4158 ap.
575 4081 691 4139 emeth.
703 4083 848 4157 Inscriptt.
867 4101 895 4153 ι,
910 4101 941 4158 p.
958 4077 1034 4153 353,

246 4162 298 4229 nbi
311 4190 346 4230 ex
366 4169 467 4229 fabttlae
487 4170 583 4227 indice
598 4181 732 4228 extremae
750 4179 857 4228 tantum
878 4172 978 4227 littere
989 4192 1034 4248 σιφ

247 4268 408 4334 supersunt.
424 4257 575 4315 Boeckhius
592 4253 703 4335 Ἐφιοίφ
716 4256 799 4315 sitisse
812 4258 937 4330 conjicit.
954 4259 1034 4314 Idem

249 4365 315 4403 enm
328 4346 464 4403 Salmasio
482 4346 620 4419 Simylum
633 4346 708 4400 hunc
720 4364 780 4402 non
796 4345 941 4402 diversum
952 4345 1035 4402 fuisse

248 4435 434 4528 suspicaturi}
449 4434 558 4507 Simylo
577 4434 714 4489 histrione
730 4435 852 4509 tragico.
867 4433 952 4506 Quod
966 4435 1035 4489 milii

249 4511 470 4598 haudquaquam
483 4522 634 4595 probabile
648 4522 771 4591 videtur,
783 4523 833 4595 qui
847 4541 905 4578 non
920 4522 1036 4578 credam

250 4610 336 4665 aliurn
349 4628 476 4684 unquam
493 4610 659 4666 histrionem
680 4611 818 4685 tragicum
833 4611 916 4665 simul
931 4630 1036 4666 comm·

249 4695 360 4753 diarum
372 4707 499 4753 actorem
508 4696 592 4752 luisse
605 4716 611 4750 :
627 4714 712 4770 quarn
724 4698 755 4752 in
764 4715 826 4753 rem
840 4698 962 4753 Platonis
971 4698 1036 4752 loco

249 4785 292 4839 uti
306 4782 422 4859 licebit,
440 4783 527 4842 Polit.
547 4784 576 4853 3,
589 4802 620 4858 p.
634 4783 703 4859 395,
717 4785 739 4839 il
756 4803 763 4839 z
780 4784 839 4841 ἀλλ’
849 4782 908 4841 ούδί
922 4805 961 4840 τοι
973 4787 1038 4841 ὑπο·

251 4870 337 4949 κριταὶ
351 4872 487 4950 κωμῳδοῖς
501 4892 529 4928 τε
543 4870 587 4928 καί
597 4871 740 4952 τραγῳδοῖς
754 4873 778 4929 ol
793 4870 876 4934 αὐτοί.
888 4897 899 4924 ι
909 4876 934 4929 E
946 4877 991 4931 M.

540 4992 745 5052 mataplan.

291 5100 396 5159 Pollux
413 5120 464 5173 ιο,
479 5110 515 5169 ha
533 5123 540 5158 ε
560 5099 631 5181 τάχα
652 5102 679 5160 δί
702 5103 747 5161 καὶ
761 5105 1038 5184 περιστρώματα·

253 5188 355 5269 ιίρηται
368 5188 420 5270 γάρ
439 5188 513 5268 παρά
533 5212 562 5249 τι
577 5189 708 5250 Φιλίστου
723 5192 795 5271 ἐντῇ
817 5192 880 5272 ἕκτῃ
899 5193 944 5252 καί
960 5196 985 5252 ἐν
1005 5196 1039 5272 τῇ

255 5275 373 5355 Σιμύλου
389 5279 538 5358 Μεγαρικῇ.

594 5499 699 5559 LXXI.

530 5616 763 5688 SOPHILUS.

299 5745 369 5800 «De
386 5745 442 5800 hoc
463 5746 500 5801 ita
519 5747 621 5804 Suidas
644 5766 651 5806 :
676 5745 812 5826 Σώφιλος,
835 5744 917 5819 ὄνομα
939 5742 1038 5823 κύριον,

259 5827 398 5896 Σικυώνιος
413 5829 430 5899 ἡ
450 5831 580 5905 Θηθαῖος,
600 5833 715 5909 κωμικὸς
729 5836 774 5903 τῆς
791 5831 873 5908 μίσης
887 5832 1039 5912 κωμῳδίας.

441 5998 490 6051 Ex
510 5999 674 6056 tacentis
692 6000 858 6056 PABULls.

259 6165 402 6233 ostolide‚
417 6183 472 6224 non
488 6168 528 6225 aio
541 6170 640 6243 agitur,
646 6092 688 6227 ¹alt
702 6171 780 6228 molli
792 6171 848 6228 otio

261 6250 377 6308 Praemia
389 6252 511 6310 laborum
526 6272 582 6313 non
595 6257 749 6315 laborantes
763 6256 861 6313 terant.
929 6257 964 6311 Η.
985 6256 1041 6314 Gn.

764 1447 897 1508 MEDIAE
919 1446 1124 1510 COMOEDIAE
1148 1447 1348 1521 nattQUtAE.

1076 1577 1199 1657 δράματα
1227 1580 1307 1637 αὐτοῦ
1335 1578 1538 1658 Κιθαρωδδς,
1563 1577 1735 1658 Φίλαρχος
1770 1581 1863 1658 (apud

1076 1669 1179 1726 Athen.
1199 1666 1374 1745 Φύλαρχος),
1387 1665 1581 1744 Τυνδάρειος
1594 1662 1612 1736 ἢ
1627 1666 1730 1740 Λήδα,
1746 1667 1791 1726 καί
1806 1676 1866 1741 Δη-

1076 1752 1130 1812 λίιι
1146 1754 1201 1831 (ita
1217 1754 1330 1813 Kaster.
1349 1774 1365 1811 e
1380 1754 1467 1814 codd.
1483 1774 1539 1829 pro
1558 1752 1665 1830 Δημία,
1681 1756 1760 1830 quod
1772 1771 1866 1817 servm

1077 1839 1238 1919 Eudone),
1251 1840 1286 1908 ώς
1304 1863 1381 1921 φησιν
1399 1839 1545 1912 Ἀθήναιος,
1557 1840 1603 1898 καί
1616 1841 1745 1920 Χιιρίδιον
1761 1846 1865 1918 (immo

1077 1927 1863 2011 ’pratpldtoa,utAthen.;inepteEudociaXotpldtoa)

1077 2015 1862 2095 salssopaaaeadaixn,quametipsamcitatdthen„

1078 2107 1128 2179 qui
1137 2116 1275 2181 praeterea
1284 2119 1489 2164 commemorat
1502 2108 1613 2184 Sophili
1623 2105 1648 2165 Σ
1653 2106 1768 2185 υντράχ
1773 2129 1864 2176 οντας

1078 2204 1107 2248 et
1126 2190 1176 2249 ’Aa
1186 2190 1324 2270 δροκλῆ.
1349 2194 1476 2251 Eandem
1488 2194 1547 2250 sab.
1562 2193 1653 2251 eidem
1666 2196 1801 2256 Valcken.
1819 2217 1865 2255 re·

1078 2280 1212 2337 stituebat
1225 2299 1254 2351 a,
1267 2302 1298 2357 p.
1321 2282 1369 2353 67,
1381 2285 1403 2341 F
1422 2303 1428 2336 :
1442 2280 1473 2339 τὸ
1486 2278 1514 2339 δὲ
1530 2283 1602 2360 ῥῆμα
1615 2282 1761 2360 (ἀρτῦσαι)
1780 2291 1865 2343 κεῖται

1078 2368 1152 2451 παρά
1163 2372 1308 2450 Σοφοκλεῖ,

1127 2525 1175 2537 -
1189 2490 1248 2580 ἐγὼ
1259 2486 1399 2580 μάγειρος
1412 2487 1531 2578 ἀρτύσω
1546 2491 1662 2570 καλῶς,

1080 2634 1225 2709 corrigens
1236 2628 1310 2709 παρά
1324 2628 1439 2710 Σωφίλῳ
1452 2631 1479 2689 iv
1499 2628 1655 2708 Ἀνδροκλεῖ.
1669 2631 1727 2689 Sed
1738 2650 1771 2689 ea
1783 2633 1868 2691 valde

1080 2719 1169 2776 dubia
1193 2719 1357 2791 conjectura
1382 2731 1431 2775 est„
1458 2718 1627 2787 Citharoedi,
1656 2722 1796 2793 Tyndarei
1819 2725 1867 2778 vel

1079 2808 1176 2874 laedoe,
1197 2818 1225 2862 et
1239 2808 1343 2874 Deh'oe,
1360 2807 1469 2863 nullum
1480 2806 1566 2863 hodie
1585 2808 1616 2862 in
1630 2807 1757 2864 Athenaei
1771 2826 1867 2864 exem-

1080 2894 1206 2969 plaribus
1219 2895 1380 2970 vestigium.
1396 2895 1528 2969 Denique
1539 2895 1649 2971 Sophili
1668 2893 1778 2970 Γάμοι
1800 2897 1867 2970 (οἱα,

1080 2981 1213 3038 laudatam
1223 2999 1240 3038 a
1249 2982 1377 3057 Diogene
1390 2983 1485 3039 Laert.
1502 3000 1531 3052 n,
1545 3000 1601 3038 ano
1611 3000 1621 3042 t
1633 2979 1822 3062 προσεσκώφθη
1837 2982 1864 3040 δὲ

1082 3067 1188 3143 (Stilpo
1207 3068 1410 3144 philosophus)
1436 3066 1488 3125 θπδ
1510 3065 1633 3146 Σωφίλου
1646 3072 1694 3125 τοῦ
1708 3072 1826 3144 κωμικοῦ
1840 3069 1868 3126 ἐν

1081 3153 1195 3234 δράματι
1209 3152 1294 3233 Γάμῳ
1307 3157 1364 3230 (ita
1377 3156 1499 3231 Cobet.;
1514 3157 1605 3213 codex
1622 3159 1693 3233 Reg.
1710 3155 1807 3233 γάμοι,
1819 3177 1869 3215 ce·
1952 3205 1954 3210 .

1081 3245 1135 3300 teri
1148 3241 1253 3320 γάμου,
1268 3246 1356 3320 vulgo
1371 3242 1455 3319 Γάμοι
1464 3242 1483 3322 )·

1131 3361 1302 3437 Στιλπωνύς
1318 3362 1385 3426 ἐστι
1400 3360 1525 3452 βύσμαθ’
1543 3365 1559 3426 δ
1574 3360 1708 3454 Χαρίνου
1723 3361 1827 3453 λύγος·

1082 3489 1121 3544 At
1130 3506 1184 3563 pro
1198 3485 1312 3565 Σοφίλου
1322 3487 1389 3547 cod.
1404 3487 1514 3544 Διιιιιδ.
1526 3497 1555 3544 et
1566 3487 1612 3547 ed.
1623 3489 1750 3546 Frobeni
1764 3489 1868 3560 Φίλου,

1083 3575 1164 3649 quod
1180 3576 1211 3630 in
1223 3572 1333 3654 Διφίλου
1349 3594 1414 3630 eum
1434 3576 1652 3633 Aldobrandino
1668 3579 1787 3632 mutavit
1806 3580 1869 3634 Me-

1082 3682 1150 3739 nag.
1162 3704 1170 3732 ‚
1183 3675 1212 3720 et
1227 3675 1302 3721 recte
1320 3663 1453 3738 quidem,
1470 3665 1632 3737 ntopinor,
1646 3666 1788 3739 siquidem
1807 3667 1870 3722 Stil·

1082 3770 1189 3826 ponem
1207 3749 1336 3809 floruisse
1356 3762 1468 3807 constat
1483 3751 1536 3807 sub
1558 3752 1710 3808 Ptolemaeo
1725 3753 1824 3810 Sotere
1842 3765 1870 3809 et

1083 3839 1243 3905 Demetrio,
1264 3839 1399 3914 Antigoni
1414 3837 1489 3906 filio,
1503 3838 1552 3894 vix
1571 3848 1604 3893 ut
1623 3839 1770 3916 Sophilm,
1784 3858 1870 3914 quem

1056 3962 1061 4029 γ
1084 3927 1161 3981 cirea
1171 3928 1279 4001 olymp.
1307 3925 1360 3981 108
1376 3924 1456 4003 (ante
1465 3926 1532 3984 chr.
1544 3936 1602 3985 nat.
1614 3924 1757 4003 θήρ-344)
1769 3928 1871 3985 vixisse

1084 4016 1254 4092 suspiceris,
1282 4016 1441 4093 Stilponem
1478 4033 1701 4072 commemorare
1732 4017 1869 4090 potuerit.

1083 4107 1166 4164 Adde
1180 4106 1260 4179 quod
1274 4105 1296 4163 Γ
1296 4104 1363 4180 άμος
1376 4107 1406 4161 in
1422 4105 1530 4181 Diphili
1542 4104 1645 4162 fabulis
1661 4116 1822 4162 recensetur
1833 4106 1870 4161 ah

1084 4195 1236 4263 Athenaeo,
1249 4204 1275 4251 et
1298 4192 1406 4271 Διφίλου
1426 4211 1531 4249 nomen
1552 4194 1582 4249 in
1598 4190 1685 4252 Φίλου
1699 4194 1769 4249 abiit
1785 4194 1870 4250 etiam

1084 4282 1114 4336 in
1128 4280 1187 4354 ejus
1197 4281 1276 4336 libris
1291 4288 1360 4355 [ηρ.
1383 4277 1453 4347 133,
1466 4280 1498 4348 1²,
1512 4287 1540 4334 et
1551 4277 1581 4353 6,
1594 4296 1626 4351 p.
1643 4276 1713 4352 καθ,
1726 4279 1768 4334 E:
1785 4296 1871 4351 quan·

1085 4386 1188 4442 quam,
1217 4387 1306 4441 quum
1328 4366 1400 4422 illud
1425 4364 1533 4442 Διφιλου
1558 4383 1635 4420 mera
1668 4364 1832 4437 conjectura
1856 4384 1872 4420 e

1086 4455 1172 4514 Φίλου
1186 4455 1311 4511 effictum
1325 4457 1371 4526 sit,
1385 4473 1446 4509 non
1459 4455 1552 4509 minus
1565 4453 1756 4528 probabiliter
1767 4471 1872 4510 nomen

1085 4546 1270 4616 Philemonis,
1282 4543 1363 4615 cujus
1377 4543 1520 4599 notissima
1536 4541 1631 4597 fabula
1650 4552 1690 4598 est
1705 4539 1810 4615 Γάμος,
1823 4560 1871 4598 re-

1084 4632 1250 4715 ponendum
1261 4632 1404 4703 conjicias.
1418 4654 1431 4680 ι
1445 4632 1471 4685 Ε
1480 4631 1523 4685 Μ.

1340 4761 1364 4818 1.
1382 4759 1619 4820 ΑΝΔΡΟΚΛΗΣ.

1131 5022 1141 5044 ι
1167 5000 1200 5052 ln
1214 4998 1265 5052 hac
1277 4996 1375 5052 sabula
1386 4996 1610 5070 dernagogorum
1626 4996 1787 5051 Attieoman
1798 4994 1874 5051 iuro-

1087 5103 1131 5140 res
1143 5086 1299 5160 exagitatos
1309 5084 1478 5141 existimem.
1494 5107 1506 5132 »
1519 5085 1610 5139 Mein.

1126 5173 1231 5229 Athen.
1249 5171 1275 5242 3,
1286 5191 1317 5247 p.
1335 5171 1455 5241 matt:
1475 5168 1505 5227 τδ
1519 5169 1546 5226 δὲ
1557 5168 1667 5247 χλιαρὸν
1682 5167 1752 5248 ὕδωρ
1770 5168 1874 5244 μετά-

1087 5280 1120 5316 κε
1130 5280 1184 5336 ρας
1201 5256 1331 5327 Ἀθηναῖοι
1346 5259 1478 5328 καλοῦσιν,
1492 5260 1527 5322 ώς
1544 5256 1663 5336 Σώφιλος
1677 5257 1704 5313 ἐν
1719 5254 1873 5336 Ἀνδροκλεῖ.

1467 5387 1495 5423 2.

1128 5483 1207 5539 idem
1228 5481 1265 5551 6,
1287 5500 1316 5555 p.
1339 5481 1409 5555 ποθ,
1433 5478 1466 5549 il,
1488 5492 1517 5536 et
1538 5480 1605 5536 inde
1625 5482 1705 5538 Euat.
1727 5479 1764 5536 ad
1789 5477 1871 5538 iliad.

1086 5589 1117 5645 p.
1143 5571 1212 5640 867,
1238 5569 1276 5625 60
1296 5590 1302 5623 z
1320 5566 1350 5625 τδ
1372 5566 1400 5624 δὲ
1421 5564 1476 5632 ἔθος
1498 5570 1573 5624 τοῦτο
1591 5563 1635 5624 καί
1659 5563 1795 5636 Ἀθήνησιν
1809 5556 1873 5621 εἶναι

1088 5656 1156 5724 ἀξιοῖ
1170 5654 1289 5735 Σώφιλος
1310 5657 1337 5713 ἔν
1351 5654 1497 5733 Ἀνδροκλεῖ
1513 5652 1656 5733 δίονόμους
1670 5654 1684 5680 '
1697 5650 1776 5720 ἀξιῶν
1791 5652 1874 5730 αἱρεῖ·

1088 5747 1147 5802 σθαι
1165 5741 1216 5801 θπδ
1230 5746 1275 5814 τῆς
1290 5745 1385 5820 βουλῆς
1399 5739 1465 5810 δύῆ
1479 5741 1524 5799 καὶ
1538 5742 1616 5820 τρεῖς.
1637 5745 1766 5801 Fortasse
1783 5743 1872 5817 soph.

1087 5834 1160 5890 dixit
1665 5872 1667 5876 -

1471 6001 1496 6050 2.

1091 6087 1210 6142 Piraeus
1223 6101 1277 6141 ιιιιιι
1291 6094 1332 6141 est
1345 6098 1442 6156 magna
1454 6091 1481 6139 et
1491 6098 1585 6138 vacua.

1091 6260 1262 6331 optirnarum
1278 6257 1386 6315 Chalcis
1394 6265 1432 6314 est
1446 6176 1539 6313 ollitas
1550 6256 1722 6349 Graecorum.
