4084 8009
214 1546 269 1596 tat

260 1687 313 1771 Τῷ
333 1684 465 1774 στόματί
478 1709 527 1748 τοι
546 1684 596 1748 τὸν
612 1686 716 1747 alatos
732 1674 784 1745 ὧδ’
798 1681 971 1771 εἰληφότος,

211 1831 295 1885 quum
307 1816 393 1883 igitar
401 1815 441 1863 ori
449 1808 581 1882 cyathum
589 1815 630 1863 sic
641 1811 817 1876 mltrroaisset,
828 1810 887 1867 scil.
898 1806 998 1863 Phaon

212 1901 242 1954 in
256 1899 399 1953 convivio.
411 1897 459 1973 Τῷ
471 1894 584 1971 στόματι
594 1895 703 1951 dictum
715 1915 769 1971 pro
780 1893 843 1972 πρὸς
855 1892 884 1951 τὸ
899 1893 997 1969 στόμα,

212 1997 244 2041 ut
265 1986 409 2059 Aristoph.
432 1985 534 2041 Avium
559 1983 632 2055 1577
658 1981 787 2061 εδέχεοθε
807 1979 851 2038 τδν
874 1978 998 2060 τύραννον

212 2070 309 2136 ὀλόίοις
321 2070 423 2147 δόμοις,
442 2092 497 2146 pro
512 2072 547 2135 εἰς
562 2068 664 2133 δλύίους
685 2071 788 2143 δόμους,
805 2082 859 2127 etc.
876 2072 934 2139 Sic,
945 2091 997 2145 po-

213 2162 314 2216 culiari
336 2161 424 2217 ruodo
449 2161 637 2235 elegantiore,
656 2171 688 2215 ut
709 2159 829 2215 decebat
850 2169 998 2213 venustum

198 2289 202 2296 -
210 2249 353 2321 juvenem.

592 2362 619 2420 6.

180 2513 185 2520 -
253 2478 370 2532 Photius
388 2496 418 2551 p.
448 2482 517 2545 loo,
551 2495 576 2549 1,
601 2473 740 2552 Παρουσία
765 2496 772 2532 :
796 2474 898 2550 λέγεται
921 2474 1002 2539 οὕτως

214 2564 258 2624 ἐπὶ
272 2568 318 2635 τῆς
332 2566 384 2620 τῶν
398 2562 535 2642 παρόντων
551 2561 707 2641 δαψιλείας,
724 2564 759 2627 ὡς
773 2561 818 2619 καὶ
839 2562 865 2619 έν
876 2563 914 2642 τῷ
927 2562 1002 2622 Πλά-

215 2676 294 2718 τωνος
306 2654 346 2711 Φ.

263 2763 303 2843 tu
318 2766 369 2831 καὶ
382 2776 431 2831 νῦν
446 2767 555 2857 ἔχομεν
571 2767 742 2858 παρουσίας.

215 2894 258 2951 καὶ
276 2893 343 2952 πολύ
358 2896 426 2952 ε’στιν
444 2891 489 2950 ἐπὶ
501 2891 594 2952 τούτου
617 2892 681 2973 παρ’
693 2895 789 2959 αὐτοῖς.
811 2897 910 2950 Voluit
923 2893 1003 2951 Ἀττι-

215 2991 277 3049 κοῖς.
294 2985 397 3040 Eadem
411 2983 513 3039 Suidas
534 2985 564 3039 h.
582 3004 624 3052 ιι,,
650 2984 699 3038 ubi
719 3004 773 3058 pro
792 2982 887 3040 Φάωνι
902 2985 1004 3057 legitur

216 3070 352 3142 Φαίδωνι,
368 3072 474 3144 dequo
487 3092 516 3129 v.
536 3072 657 3128 dicenda
673 3072 710 3126 ad
724 3073 759 3129 fr.
778 3092 820 3129 ιο.
838 3097 850 3120 ι
865 3072 907 3128 Cl.
922 3074 1001 3145 Wyt-

216 3160 349 3219 tenbach.
365 3160 402 3216 ad
415 3160 541 3216 Platonis
557 3160 652 3220 Pbaed.
670 3180 700 3235 p.
714 3159 786 3230 265,
798 3172 825 3215 et
836 3162 954 3216 Porsen.
967 3161 1004 3216 ad

218 3249 349 3305 Medeam
368 3248 440 3322 139,
459 3268 539 3307 num.
554 3269 607 3305 ιιιι.
625 3274 637 3299 υ
652 3251 697 3306 Μ.

593 3377 621 3427 7.

258 3471 398 3542 llarpocr.
416 3487 446 3542 p.
467 3487 515 3539 ιη,
540 3466 597 3523 16:
614 3464 827 3525 Ἀναίνεσδαι
846 3469 936 3533 κοινῶς
955 3465 1003 3543 μὲν

219 3554 249 3611 ιδ
262 3556 410 3632 ἀρνεῖσθαι,
425 3552 495 3620 ἰδίως
509 3551 536 3611 δέ
551 3552 595 3611 ἐπί
609 3555 661 3611 τῶν
683 3552 752 3611 κατά
771 3552 831 3619 τοὺς
845 3552 946 3631 γάμους
959 3552 1005 3612 καί

218 3639 251 3697 τδι
266 3639 402 3720 ἀρροδίσια
421 3640 570 3718 λέγεται...
588 3642 642 3702 Πλ.
657 3641 711 3716 (lt,
732 3638 885 3720 Μένανδρος
904 3642 1006 3699 Σικυω-

219 3753 275 3789 Plut-

601 3845 628 3898 8.

258 3958 384 4015 Gramm.
393 3957 512 4012 llokkori
527 3954 636 4013 hneod.
648 3974 678 4028 p.
688 3953 756 4027 459,
769 3954 906 4010 etSuidas
916 3972 923 4011 :
933 3952 1005 4023 'dra-

126 4074 131 4082 .
221 4043 327 4122 ,όςατον
344 4062 351 4102 ;
367 4041 450 4121 Σφηξὶ
464 4042 588 4119 (1252),
605 4043 659 4100 Πλ.
675 4040 698 4097 δ’
712 4041 739 4097 ἐν
754 4042 795 4102 Φ.
807 4040 955 4120 άτηρίας.

261 4267 436 4342 Phrynichus
451 4272 558 4342 appar.
575 4269 659 4342 soph.
670 4286 701 4341 p.
714 4266 764 4342 23,
781 4285 827 4337 ιο,
839 4265 1006 4325 Ἀκταινῶ-

222 4379 279 4412 σαι
297 4376 303 4413 :
320 4355 443 4431 σημαίνει
459 4354 506 4431 μὲν
521 4353 550 4412 rb
568 4356 685 4434 ὑψῶσαι,
702 4351 749 4410 καὶ
770 4354 880 4433 ἐπᾶραι,
895 4353 939 4411 καί
959 4376 1008 4431 μι-

220 4442 378 4522 τειιιρίααι...
399 4441 532 4521 Αἰσχύλος
545 4440 644 4520 (Eum.
661 4441 712 4518 36)
741 4468 754 4491 ι
770 4440 855 4500 οὐκέτ’
871 4439 1008 4499 άκταίνω»

222 4536 325 4609 (immo
343 4559 355 4585 ι
369 4531 437 4609 μήτε
451 4535 479 4606 μ’
488 4530 621 4590 ἀκταίνειν
632 4527 724 4587 στάσιν
735 4526 765 4608 ν)
779 4528 842 4610 φησί
853 4528 1009 4611 βαρυτόνως,

222 4614 274 4681 οἷον
295 4620 380 4681 οὐκέτ’
397 4623 487 4701 aptota
500 4620 616 4698 δύναμαι
630 4616 755 4697 ἐμαυτήν.
770 4621 822 4679 Πλ.
838 4622 865 4677 ἐν
878 4623 916 4700 τῷ
932 4620 1007 4680 Φαί-

162 4729 166 4734 ·
222 4712 282 4767 δωνι
296 4713 367 4789 (sic)
383 4714 418 4778 ὡς
431 4711 484 4769 άπὸ
496 4708 707 4790 περισπωμένου.
723 4712 882 4766 llleinehius
900 4709 1007 4769 Φάωνι.

592 4853 639 4891 to.

262 4948 356 5004 Schol.
371 4948 516 5021 Aristoph.
528 4945 679 5028 Plutir79
700 4966 707 5001 τ
721 4945 840 5025 ἐμφαίνει
855 4944 941 5003 δὲκαὶ
955 4946 1008 5003 Πλ.

223 5037 248 5091 ἐν
260 5037 298 5112 τῷ
310 5032 437 5112 Φαίδρῳ,
448 5029 664 5111 ἑπτακαιδεκάτῳ
677 5030 727 5089 έτει
738 5031 843 5111 ὕστερον
857 5031 1008 5113 διδαχθέντι

222 5120 265 5178 ε’πί
279 5120 434 5192 Διοκλέους,
446 5122 480 5185 ὡς
490 5119 585 5195 μηκέτι
599 5120 681 5189 αὐτῆς
693 5118 831 5199 (Laidos)
842 5118 931 5192 οὔσης.
946 5124 1008 5179 Ποσ

221 5222 334 5266 secutus
347 5210 469 5266 llleinek.
484 5211 555 5265 llist.
569 5210 631 5264 crit.
646 5208 728 5267 Corn.
742 5227 772 5283 p.
795 5207 862 5280 187,
875 5228 939 5263 curn
954 5209 1008 5280 hic,

223 5311 283 5353 turn
297 5298 333 5353 fr.
350 5317 396 5366 11,
414 5293 508 5353 Φάωνι
521 5298 623 5370 reponi
639 5294 722 5368 jussit
739 5315 793 5369 pro
807 5292 920 5372 Φαίδρῳ
931 5306 959 5350 et
973 5295 1009 5351 de

222 5381 347 5443 confusis
365 5386 508 5441 interdum
526 5387 690 5441 nominibus
704 5385 818 5451 Phaon,
840 5384 968 5438 Phoedou
982 5396 1010 5439 ot

222 5476 358 5530 Phaedrus
374 5472 504 5528 adhiberi
526 5490 543 5526 a
566 5473 691 5527 Barkero
719 5482 817 5527 notata
838 5473 868 5524 in
893 5471 1009 5527 Friede-

223 5565 317 5619 manni
334 5563 452 5620 bliscell.
468 5563 531 5617 crit.
552 5579 582 5637 a,
597 5580 624 5636 ι,
639 5581 667 5635 p.
684 5559 732 5616 55.
752 5561 807 5617 Sed
818 5562 943 5634 primum
955 5579 1008 5615 au-

224 5652 343 5706 diendus
367 5661 408 5705 ost
430 5652 572 5723 Harpocr.
595 5668 624 5703 v.
645 5642 737 5711 Ναίςτ
761 5643 917 5721 μνημονεύει
931 5648 1010 5718 αὐτῆς

224 5737 361 5811 (Laidos)
376 5734 420 5794 καὶ
433 5734 618 5815 Ἀριστοφάνης
633 5735 660 5791 ἐν
671 5736 709 5812 τῷ
723 5731 847 5812 Πλούτῳ,
865 5736 891 5792 ἐν
905 5724 927 5813 ᾧ
941 5732 1009 5811 λέγει

264 5848 331 5930 Ίῖρᾷ
345 5848 371 5907 δέ
387 5846 452 5914 Λαῒς
466 5850 494 5907 οὗ
510 5847 553 5906 διά
564 5846 593 5905 σέ
609 5846 775 5919 Φιλωνίδου;

600 6025 626 6073 (l.

225 6133 260 6145 ·-
272 6106 311 6159 llt
324 6105 405 6159 etiarn
419 6120 491 6159 nuno
500 6120 594 6159 sumus
607 6104 735 6160 omuibus
747 6102 855 6158 abunde
870 6105 1007 6188 instructi.

409 6217 460 6270 lix
480 6218 644 6272 lNCElll'lS
665 6216 826 6271 Flauias

607 6310 632 6357 1.

226 6394 302 6447 't’uus
314 6398 406 6446 autom
423 6406 455 6445 ox
470 6398 590 6446 sanatus
601 6398 663 6463 opto
676 6390 737 6446 loco
752 6391 874 6447 tumulus

711 1532 915 1592 COMOEDlAE
937 1531 1100 1591 varanis
1121 1532 1329 1604 RELlQUlAE.

1044 1683 1172 1759 γραπτέον
1186 1677 1266 1752 Ναίς,
1279 1680 1323 1737 καί
1336 1682 1365 1738 οὐ
1381 1678 1458 1746 Λαίς.
1478 1683 1520 1740 Cf.
1536 1694 1635 1740 annot.
1658 1686 1697 1740 ad
1716 1687 1792 1742 bunc
1814 1691 1831 1746 l.

1045 1772 1074 1824 in
1087 1783 1183 1827 nostra
1197 1772 1242 1829 ed.
1255 1772 1364 1827 Comici
1384 1773 1441 1828 vol.
1461 1777 1488 1842 h,
1505 1792 1534 1845 p.
1553 1772 1619 1830 115.
1632 1773 1744 1830 Deinde
1759 1778 1831 1832 adeo

1046 1861 1189 1918 dissimilia
1207 1872 1273 1915 sunt
1284 1862 1399 1916 uomina
1413 1858 1530 1939 Φαῖδρος
1541 1874 1570 1917 et
1582 1858 1677 1933 Φάων,
1689 1876 1721 1920 ut
1737 1869 1832 1940 potins

1047 1948 1155 2023 duplici
1168 1950 1253 2005 titulo
1271 1949 1394 2004 Phaonis
1411 1959 1441 2004 et
1458 1946 1680 2007 Pbaedrilabula
1698 1954 1832 2027 inscripta
1877 1947 1884 1960 ⁰

1046 2055 1105 2092 esso
1126 2037 1272 2107 videatur3
1298 2036 1491 2112 conjiciasque
1513 2037 1722 2114 probabiliter,
1749 2039 1831 2097 Pha-

1047 2127 1131 2181 drurn
1162 2128 1336 2203 appellatum
1364 2127 1448 2183 fuisso
1475 2127 1570 2197 illurn,
1598 2131 1649 2203 qui
1671 2128 1832 2187 adulteratur

1047 2217 1190 2272 Phaonem
1202 2217 1361 2274 interiecit:
1378 2237 1405 2270 v.
1424 2216 1460 2274 lr.
1478 2235 1524 2275 11.

1416 2362 1461 2400 11.

1090 2459 1206 2515 Antiatt.
1222 2477 1251 2532 p.
1266 2460 1315 2533 93,
1330 2459 1378 2528 30,
1395 2458 1600 2536 lampensis
1615 2478 1623 2518 z
1639 2459 1698 2516 ἀντὶ
1719 2464 1767 2517 τοῦ
1779 2462 1832 2517 άπι-

1049 2544 1192 2622 τροπεύειν.
1214 2545 1269 2604 Πλ.
1292 2544 1414 2625 Φαίδρῳ.
1429 2550 1558 2604 Fortasse
1577 2549 1666 2623 igitur
1681 2550 1764 2605 l‘lato
1783 2571 1834 2606 ro·

1049 2635 1182 2690 moediam
1194 2636 1371 2711 inscripserat
1383 2632 1468 2693 Φάων
1478 2633 1495 2705 ἢ
1505 2635 1636 2715 Φαῖδρος,
1650 2648 1835 2712 vetueratqne

1051 2724 1160 2793 Phaon,
1174 2725 1246 2780 liber
1261 2726 1378 2780 istarum
1389 2742 1485 2780 rorum
1499 2736 1667 2781 etsuccassu
1683 2727 1834 2802 impuden-

1051 2813 1106 2866 tior
1128 2811 1231 2881 factus,
1248 2830 1277 2867 so
1292 2813 1439 2887 objurgari
1459 2832 1477 2869 a
1490 2815 1612 2882 marito,
1629 2814 1709 2870 volnt
1727 2815 1835 2894 insapo-

1050 2900 1173 2974 πεύσντι,
1196 2902 1439 2975 quemadmodum
1463 2904 1561 2958 similis
1583 2904 1632 2959 ille
1653 2904 1786 2960 moribus
1810 2907 1836 2959 in

1051 2989 1191 3044 comoedia
1225 2990 1317 3045 Colini
1359 2991 1542 3047 d'llarleville
1578 3009 1594 3047 a
1636 2992 1722 3048 nobis
1759 3011 1837 3048 uorsa

1053 3078 1098 3153 (v.
1114 3081 1222 3133 Neaera
1231 3078 1422 3152 Schampicle,
1439 3079 1496 3135 vol.
1513 3097 1537 3149 1,
1554 3097 1584 3152 p.
1606 3077 1656 3133 151
1670 3078 1704 3152 l:

1093 3192 1165 3246 War
1176 3189 1271 3244 scdoea
1282 3196 1331 3258 ist,
1347 3189 1398 3245 dut
1409 3195 1441 3244 ei
1447 3209 1466 3243 u
1477 3185 1588 3244 hecht
1597 3185 1755 3260 ausmeiae
1768 3193 1836 3245 Hul-

1682 3280 1836 3354 dibongad.

1425 3410 1469 3447 12.

1092 3530 1216 3587 Gramm.
1232 3531 1356 3586 Crameri
1367 3530 1475 3587 Anecd.
1492 3531 1585 3588 Oxou.
1601 3536 1630 3599 4,
1646 3548 1680 3604 p.
1696 3530 1776 3589 310:
1798 3528 1840 3605 με’-

1053 3639 1151 3692 μνηται
1177 3620 1223 3675 τοῦ
1245 3615 1371 3693 ὀνόματος
1390 3615 1673 3696 (γραμματικός)
1691 3615 1839 3696 Μένανδρος

1053 3707 1080 3763 ἐν
1095 3704 1287 3780 Πωλουμένοις,
1298 3705 1343 3762 καὶ
1358 3707 1413 3766 Πλ.
1424 3707 1451 3762 έν
1460 3702 1567 3784 balaa.
1577 3705 1746 3782 suspicatur
1753 3708 1837 3763 lllein.

1055 3797 1126 3853 flist.
1150 3798 1213 3851 crit.
1238 3796 1319 3852 Com.
1344 3815 1375 3868 p.
1402 3793 1472 3867 188,
1487 3794 1640 3869 legendum
1662 3811 1722 3850 ease
1743 3792 1838 3854 autb

1054 3881 1150 3943 Φάωνι
1164 3894 1212 3938 aut
1222 3882 1248 3939 ἐν
1261 3880 1390 3958 Φιλήόῳ,
1401 3892 1434 3937 ut
1443 3882 1618 3956 intelligatur
1631 3881 1768 3938 Philebus
1781 3883 1838 3937 Pla·

1055 3974 1165 4028 tonieus
1179 3992 1209 4046 p.
1229 3970 1264 4027 18
1282 3974 1319 4041 D,
1336 3971 1388 4026 ubi
1401 3971 1494 4045 agitur
1510 3969 1546 4026 de
1558 3968 1639 4047 τέχνη
1653 3971 1836 4046 γραμματικῇ.

1054 4065 1122 4135 Quae
1133 4080 1200 4119 saue
1209 4061 1377 4118 verosimilis
1388 4058 1541 4116 estcornici
1555 4069 1584 4114 ot
1594 4059 1759 4134 philosophi
1770 4077 1836 4133 per-

1055 4153 1192 4220 ιιιιιιιιιίος
1212 4150 1372 4223 eodemque
1386 4150 1469 4205 traho
1485 4146 1655 4204 Phaedouem
1670 4149 1799 4222 positum
1812 4148 1837 4202 in

1055 4260 1086 4297 re
1098 4241 1209 4296 ludicra
1221 4258 1277 4313 pro
1291 4239 1416 4296 Phaone.
1425 4237 1466 4295 Cf.
1477 4236 1563 4293 etiam
1574 4238 1756 4294 lacertonun
1769 4235 1802 4294 fr.
1812 4234 1835 4290 δ.
1880 4271 1883 4280 ·

1076 4403 1319 4460 lNCERTAllUlll
1343 4399 1525 4456 PlalTONIS
1543 4399 1816 4456 COlllOEDlhllUll

1332 4490 1568 4548 FRAGMENTA.

1096 4758 1262 4812 Plutarchus
1275 4757 1408 4814 Themist.
1423 4773 1488 4831 cap.
1504 4755 1540 4811 δα
1553 4772 1561 4814 :
1574 4754 1732 4831 Διόδωροςό
1749 4775 1837 4832 περιη-

1059 4843 1140 4922 γητὴς
1150 4845 1176 4902 ἐν
1187 4851 1239 4908 τοῖς
1255 4842 1323 4921 Περί
1337 4844 1389 4901 τῶν
1401 4840 1547 4918 μνημάτων
1562 4840 1715 4921 είρηιιεν....
1729 4841 1770 4901 δτι
1785 4839 1836 4926 περί

1056 4933 1099 4993 τὸν
1111 4932 1205 5008 λιμένα
1224 4937 1269 4990 τοῦ
1292 4933 1463 5013 Πειραιῶς...
1484 4931 1580 5009 κρηπίς
1599 4932 1670 4988 ἐστιν
1690 4928 1837 5007 εὐμεγέθης,

1056 5021 1101 5080 καί
1112 5020 1209 5099 ιδπερὶ
1224 5019 1305 5090 αὐτὴν
1317 5018 1457 5099 βωμοειδὲς
1471 5019 1551 5099 τάφος
1561 5022 1606 5077 τοῦ
1616 5015 1834 5095 Θεμιστοκλέους.

1056 5110 1137 5170 οίεται
1152 5107 1179 5167 δὲ
1197 5108 1242 5168 καί
1262 5110 1397 5169 Πλάτωνα
1417 5108 1461 5167 τὸν
1475 5106 1592 5185 κωμικὸν
1608 5108 1681 5185 αὐτῷ
1704 5110 1838 5187 μαρσυριῑν

1057 5202 1083 5257 ἐν
1095 5196 1209 5263 τούτοις·

1106 5310 1132 5381 ὁ
1148 5315 1198 5391 σὸς
1212 5306 1247 5379 δὲ
1266 5309 1380 5404 τύμόος
1396 5316 1425 5379 ἐν
1441 5319 1526 5398 καλῷ
1541 5313 1735 5403 κεχωσμένος

1107 5430 1169 5498 τοῖς
1186 5422 1325 5514 ἐμπόροις
1340 5420 1500 5513 πρόσρησις
1517 5419 1606 5484 ἔσται
1622 5408 1802 5509 πανταχοῦ,

1105 5533 1173 5605 τοὺς
1190 5529 1374 5605 ἐκπλέοντάς
1391 5525 1418 5593 τ’
1434 5519 1627 5601 εἰσπλέοντάς
1640 5521 1671 5589 τ’
1684 5521 1805 5611 ὄψεται,

1105 5636 1249 5727 χώπόταν
1267 5632 1413 5728 άμιλλίᾗ
1434 5641 1498 5699 τῶν
1512 5638 1594 5712 νεῶν,
1614 5629 1769 5695 θεάσεται.

1057 5790 1069 5815 ι
1094 5764 1140 5819 Ad
1167 5766 1315 5819 Heliadum
1348 5764 1472 5819 fabulam
1496 5760 1638 5818 referebat
1659 5758 1836 5814 Sintcnisius.

1058 5856 1146 5909 Versu
1165 5852 1180 5907 3
1205 5852 1273 5911 sort.
1301 5854 1355 5928 leg.
1381 5848 1423 5915 οὓς
1442 5850 1520 5909 ἕκπλ.
1540 5853 1575 5907 V.
1597 5856 1612 5915 l.
1636 5841 1730 5918 άμιλλ’
1749 5832 1769 5921 ᾖ
1790 5862 1839 5919 pro

1059 6038 1255 6093 inerratoribus
1268 6036 1389 6092 allatneir
1401 6038 1450 6091 erit
1465 6032 1643 6099 omnimodo,

1058 6124 1244 6193 solventesque
1256 6129 1283 6177 et
1296 6120 1491 6192 adnavigantes
1502 6119 1617 6181 videbit,

1058 6226 1174 6281 ‹·unique
1186 6211 1295 6264 naviuin
1308 6217 1350 6263 ast
1361 6216 1513 6273 strumen,
1527 6205 1554 6261 id
1565 6205 1725 6275 aornpioiet.

1058 6299 1119 6361 (Ιιι
1141 6297 1331 6354 'l'hetnistodis
1354 6295 1461 6351 tumulo
1483 6294 1599 6352 Athenis
1619 6292 1691 6348 circu
1710 6291 1837 6347 l'iraount

1725 6376 1819 6447 [dicta.
1831 6389 1838 6439 ι
