4084 8009
217 1543 272 1596 232

217 1662 395 1740 ινιιιιγίνους,
415 1682 500 1739 quem
515 1660 629 1720 dicendi
650 1663 768 1720 modum
783 1664 920 1720 rariorem
939 1675 1002 1719 tue-

219 1767 266 1811 tur
286 1754 422 1829 exemplis
445 1752 589 1825 Aristoph.
618 1756 671 1809 Αν.
696 1751 751 1822 763
767 1761 795 1806 et
820 1751 908 1826 Soph.
925 1752 999 1808 OEd.

218 1842 358 1900 't.1383.
385 1846 471 1898 Versu
495 1841 598 1897 30libri
615 1836 726 1908 κόκκυξ,
748 1840 828 1914 quod
853 1842 1003 1914 integravit

218 1931 353 2005 Bergkius
377 1930 414 1987 ad
440 1933 611 1985 Anacreont.
635 1948 667 2002 p.
694 1926 763 1997 257,
785 1945 820 1983 ex
839 1925 1002 2000 Phrynicho

218 2018 306 2077 Belslt.
326 2037 357 2091 p.
379 2036 428 2087 οη,
449 2024 504 2086 24,
519 2010 843 2088 Ἀόελτεροκόκκυξε
865 2011 1002 2092 ἀόέλτερος

218 2101 263 2159 καί
278 2102 361 2167 κενός.
375 2101 491 2177 κόκκυγα
507 2101 595 2175 (add.
611 2098 675 2177 γὰρ)
689 2098 794 2177 λέγουσι
808 2098 853 2157 τὸν
864 2099 937 2158 κενδν
956 2100 1001 2158 καί

218 2193 323 2269 κοῦρον.
340 2190 450 2246 Deinde
467 2190 580 2259 malim,
596 2199 715 2263 propter
731 2190 917 2265 tautologiam
938 2190 1002 2243 vul-

222 2292 308 2354 gatae,
329 2278 446 2348 ἠλιθίως.
467 2279 580 2334 Miraris
602 2287 697 2333 antem
714 2278 790 2331 viros
818 2276 920 2332 doctos
941 2295 1001 2330 non

217 2368 381 2424 emendasse
405 2385 519 2422 versum
543 2372 561 2431 t,
582 2364 731 2421 manifesto
750 2375 932 2439 corruptum,
952 2364 1001 2437 qui

216 2457 257 2510 sie
276 2455 370 2511 editur
388 2456 478 2509 σικυοῦ
504 2450 615 2516 πέπονος
645 2450 776 2528 εὐνουχίου
798 2450 898 2521 κνήμας
921 2448 1000 2527 έχων.

217 2546 330 2619 Integer
341 2562 436 2599 sensus
449 2543 479 2597 in
492 2560 527 2596 eo
541 2540 622 2615 quod
637 2542 730 2615 posui.
745 2540 904 2598 Cucurbitae
916 2549 1002 2612 eaput

217 2649 339 2687 erassum
359 2641 388 2685 et
404 2630 542 2685 eunuchii
560 2646 642 2684 crura
657 2629 752 2684 tenuia
770 2630 881 2702 Leagro
899 2628 945 2682 isti
960 2626 1001 2681 ai·

216 2718 363 2794 finguntur
375 2736 428 2793 per
441 2716 616 2772 ridiculum:
633 2717 749 2772 lactucae
766 2716 842 2770 enim
857 2733 946 2789 genus
960 2724 1002 2770 est

216 2808 389 2873 αιινιιιοΙιίοιι,
417 2805 508 2861 herba
531 2807 571 2860 sic
592 2805 735 2878 appellata
757 2804 913 2859 secuudum
941 2804 1000 2860 Pli-

216 2896 295 2949 nium
317 2915 362 2970 19,
375 2895 403 2963 8,
424 2918 435 2943 ι
462 2895 597 2968 quoniam
619 2894 678 2947 haec
698 2893 822 2947 maxime
844 2892 1001 2966 refragetur

216 2984 322 3040 veneri.
342 3007 354 3032 ν
372 2984 464 3040 Crura
480 2991 621 3037 vocantur
634 2979 693 3053 ejus
704 2981 798 3036 herbae
809 2977 945 3054 pediculi.
957 2982 1001 3036 De

216 3090 281 3126 casu
296 3082 377 3127 recto
387 3072 513 3145 reposito
526 3088 580 3145 pru
594 3069 720 3145 genitivo
736 3067 773 3124 cl.
795 3068 1000 3141 prolegomena

216 3161 374 3219 Lacoatum.

590 3279 619 3317 a.

256 3376 351 3436 Schol.
365 3372 512 3448 Aristoph.
525 3373 600 3428 Pluti
615 3390 679 3445 179,
691 3370 728 3426 de
738 3369 886 3426 Philonide
895 3381 997 3444 poeta:

215 3461 379 3539 κωμῳδιῖται
392 3462 426 3526 όνς
435 3456 558 3537 εὔπορος,
575 3456 620 3515 καί
634 3460 668 3523 ὡς
683 3455 764 3533 μέγας
775 3458 812 3534 τῷ
822 3453 941 3531 σώματι,
955 3455 1000 3513 καί

215 3545 322 3617 ἠλίθιος.
336 3547 448 3607 vetut.
464 3547 490 3603 ἒν
503 3551 534 3606 h.
548 3544 625 3624 φησίν

330 3666 398 3753 Οὐχ
419 3665 501 3753 ὁρᾷς,
515 3663 565 3725 ὅτι

263 3761 438 3840 Φιλωνίδην
455 3795 497 3841 πη
514 3769 666 3838 τέτοκενή
685 3769 783 3857 μήτηρ
798 3760 895 3849 οἵνουν,

267 3877 319 3940 τὸν
334 3877 486 3954 Μελιτέα,
501 3878 574 3939 κούκ
592 3873 697 3939 ἔπαθεν
713 3865 814 3955 οὐδέν,

139 4038 143 4044 .
215 3976 338 4043 tersui
355 3997 383 4040 et
398 3986 413 4041 δ
429 3985 495 4040 libri
509 4004 558 4040 που
573 4003 598 4040 τ.
612 3984 630 4051 ἡ
642 3978 731 4058 μήτηρ
747 3978 855 4052 ἀνόητον
870 3979 998 4046 Μελιτέα,

214 4089 340 4147 quorum
352 4068 402 4128 ποὺ
414 4073 541 4146 ineptum
552 4070 738 4144 reliquerunt,
750 4066 893 4140 Bentlejus
906 4079 999 4123 autem

213 4171 243 4217 et
254 4159 445 4217 llemsterhus.
457 4157 563 4235 aliique
575 4156 752 4216 confidenter
760 4158 933 4231 scripserunt
941 4153 999 4213 όνον

213 4248 257 4306 τὸν
271 4250 354 4321 tut,
365 4250 446 4305 abusi
457 4250 512 4304 illis
523 4252 553 4304 in
566 4244 734 4326 Ἀφροδισίοις
745 4247 926 4320 Theopompi

253 4349 333 4419 Ὀνος
347 4349 394 4430 μέν
407 4350 495 4428 spat·
509 4354 523 4409 ὁ
535 4348 663 4416 Μελιτεὺς
676 4346 836 4418 Φιλωνίδης·

252 4442 304 4523 ὄνῳ
320 4440 383 4520 (δέ)
396 4440 516 4517 μιγείσης
530 4438 628 4519 μητρὸς
641 4437 766 4496 έόλαατεν
781 4437 867 4498 πολει.

213 4552 355 4632 Ἄνουν,ιιῑ
363 4556 486 4614 heliam.
496 4555 566 4630 691.
577 4553 675 4611 Potest
683 4565 715 4609 ut
724 4554 768 4610 vel
776 4551 851 4611 forte
860 4556 997 4628 scriptum

214 4667 320 4703 ανουτον
335 4646 437 4703 abierit
450 4646 480 4700 in
494 4664 612 4716 ανοητον,
626 4644 671 4700 vel
691 4641 898 4717 interpretandi
912 4660 996 4697 causa

213 4736 315 4790 rariori
331 4731 407 4790 ἄνουν
423 4735 532 4789 allitum
544 4730 652 4802 ἀνόητον
665 4734 818 4807 genuinam
832 4749 934 4786 vocem
951 4749 997 4785 ex·

213 4823 326 4895 pulerit
347 4818 409 4891 nl,
424 4822 520 4893 aliquo
547 4822 640 4876 modo.
666 4818 807 4893 Intelligas
828 4838 890 4873 cum
917 4820 997 4873 bruto

213 4911 336 4964 ‹ininiali
346 4909 536 4973 concumbens,
556 4907 635 4980 quod
649 4906 853 4981 'Iheopornpus
864 4906 935 4961 dixit
946 4905 996 4984 ὄνῳ

214 5001 330 5071 μιγεῖσα.
356 4997 422 5051 Non
451 4995 680 5069 improbabiliter
699 5006 793 5050 autem
818 4993 851 5050 ll.
878 4996 994 5064 Jacobi,

99 5079 107 5090 ’
211 5084 362 5160 plaudente
372 5084 531 5155 ttetnekio,
543 5084 602 5139 haec
613 5102 679 5144 eum
689 5084 828 5158 superiori
839 5083 996 5156 fragmento

213 5173 379 5245 conjunxit,
404 5174 442 5228 ita
467 5184 499 5228 ut
522 5173 685 5228 scholiastes
703 5172 842 5227 voeabula
859 5171 921 5247 Οὐχ
937 5172 997 5249 δρᾷς

212 5258 253 5318 ότι
266 5262 302 5317 ab
318 5262 401 5316 initio
422 5262 559 5336 longioris
570 5260 682 5334 periodi
697 5261 753 5315 huc
766 5260 857 5316 delato
872 5262 996 5333 repetie-

211 5352 266 5419 rit;
277 5348 429 5405 scribendo
444 5345 596 5417 Φιλωνίδην
610 5345 633 5403 δ’
643 5347 680 5403 οὐ
695 5345 832 5404 τέτοκεν...
843 5365 851 5418 ;
868 5366 923 5423 pro
934 5369 995 5405 που.

592 5451 618 5508 3.

253 5566 371 5624 nntiau.
384 5585 414 5640 p.
430 5563 480 5640 96,
494 5570 529 5628 ab
548 5560 811 5639 2'Entvs'pehov:
830 5561 883 5620 Πλ.
900 5562 935 5619 h.

247 5845 283 5858 -
297 5819 358 5872 Nou
371 5816 461 5884 vides,
591 5737 618 5786 ²·

214 5912 327 5960 matrem
339 5905 497 5977 nescioquo
511 5905 594 5962 modo
607 5906 741 5978 peperisse
754 5905 925 5963 Philonidem

214 5991 397 6061 Melitensem,
410 5992 480 6049 nihil
490 5996 618 6065 passam?

417 6128 536 6183 LACON
541 6129 580 6182 fs
594 6128 650 6183 sive
662 6129 796 6183 POETAE.

596 6256 619 6299 ι.

214 6395 217 6403 ,
266 6352 292 6394 ιι.
307 6338 522 6411 eoemruntjnn
534 6340 733 6413 propemodum
744 6356 849 6398 omues.
862 6340 889 6398 h.
903 6342 986 6413 Euge.

712 1530 916 1591 cottOEmAE
940 1527 1103 1591 vittatus
1126 1532 1331 1606 uuttQtJtAE.

1090 1801 1168 1856 ldem
1182 1820 1212 1875 p.
1234 1820 1297 1871 roo,
1315 1795 1472 1871 26,'lueu
1487 1818 1495 1859 :
1509 1799 1540 1857 τδ
1553 1799 1721 1880 έπιχαρτικδν
1737 1803 1834 1882 ε’πιρώ·

1049 1909 1131 1962 νημα.
1144 1888 1157 1911 '
1169 1886 1309 1967 μέμφεται.
1325 1888 1380 1948 Πλ.
1402 1891 1436 1946 Δ.
1457 1890 1587 1960 Photius‚
1607 1886 1686 1947 Ὶτοα
1701 1910 1709 1945 :
1726 1888 1833 1968 ε’πίρδε-

1048 1997 1104 2049 γμα
1119 1976 1170 2031 τῶν
1184 1974 1372 2054 ἀπολαχόντων
1387 1973 1433 2032 καί
1446 1973 1513 2041 tto<
1531 1975 1764 2054 δυσπραγοόντων.
1778 1978 1833 2034 ἔστι

1048 2060 1093 2117 καί
1108 2063 1134 2119 ἐν
1148 2061 1286 2141 Μιααηνίιρ
1301 2059 1469 2140 Μενάνδρου,
1481 2061 1526 2119 καί
1537 2063 1652 2142 ἑτέρωθι.
1671 2090 1683 2114 ι
1700 2066 1835 2122 Similiter·

1048 2149 1167 2222 Suidas,
1180 2153 1234 2206 nisi
1246 2152 1326 2225 quod
1337 2152 1438 2206 vitiose
1448 2153 1587 2226 seriptum
1599 2152 1686 2209 habet
1698 2151 1743 2209 inl
1754 2155 1805 2207 τῶν
1820 2156 1833 2219 ζ

1047 2236 1195 2314 λαχόντων,
1209 2257 1264 2312 pro
1278 2235 1465 2315 ἄπολόχοντων
1477 2239 1509 2318 β)
1519 2242 1565 2296 vel
1576 2240 1673 2315 ζημίαν
1685 2238 1831 2317 λαχόντων.

1048 2324 1133 2400 Αριιι]
1150 2328 1268 2386 Antiatt.
1293 2327 1410 2382 sortasse
1433 2328 1583 2402 legendum
1607 2339 1649 2383 est
1673 2324 1831 2406 μέμφονται.

1048 2415 1113 2469 Fuit
1132 2416 1219 2489 igitur
1244 2416 1451 2471 malevolorum
1471 2416 1619 2470 hominum
1646 2417 1834 2485 exclamatio,

1047 2503 1144 2559 alienis
1160 2505 1240 2560 malis
1252 2503 1447 2578 gaudentium.
1461 2528 1474 2553 υ
1488 2506 1514 2559 E
1532 2506 1575 2560 M.
1588 2508 1647 2560 Issa
1666 2517 1709 2560 est
1727 2525 1833 2561 nomeu

1048 2592 1152 2647 catellas
1159 2591 1236 2666 apud
1245 2593 1402 2648 lllartialem
1412 2612 1438 2660 1,
1449 2611 1459 2646 ι
1469 2590 1703 2649 10.-Praeterea
1708 2592 1835 2651 Cobetus

1047 2658 1128 2738 ὁδου.
1142 2698 1174 2755 p.
1191 2680 1246 2736 126
1260 2680 1296 2737 ad
1307 2680 1404 2737 Laium
1418 2680 1505 2737 refert
1515 2681 1672 2755 Symmach.
1685 2680 1788 2758 hagan.
1804 2680 1831 2741 3.

1173 2832 1256 2892 Xlll.
1277 2832 1459 2892 ΛΑΚΩΝΕΣ
1480 2833 1507 2892 Η
1530 2834 1701 2893 ΠΟΙΗΤΑΙ.

1088 2969 1236 3027 «Plenum
1260 2972 1373 3027 titulum
1396 2970 1497 3026 fabulae
1520 2983 1667 3028 servarunt
1686 2970 1791 3029 Suidas
1805 2984 1834 3030 et

1048 3057 1195 3126 Eudocia,
1225 3059 1325 3114 ceteris
1351 3076 1414 3114 eam
1437 3058 1605 3133 simpliciter
1625 3061 1835 3134 appellantibus

1047 3142 1181 3208 Λάκωνες.
1209 3147 1253 3201 De
1267 3156 1384 3202 auctore
1403 3145 1564 3201 dubitatum
1577 3165 1637 3203 esse
1656 3148 1744 3205 docet
1760 3148 1834 3206 llar-

1046 3232 1197 3306 pocration
1211 3239 1238 3288 ν.
1259 3228 1384 3296 Σθένελος
1400 3250 1407 3291 :
1424 3229 1560 3311 ἐκωμῴδει
1576 3231 1604 3289 δέ
1624 3232 1702 3291 atah
1724 3236 1834 3309 (intell

1047 3316 1230 3388 Sthenelum,
1258 3331 1375 3394 poetam
1400 3319 1561 3397 tragicum)
1579 3321 1593 3376 δ
1610 3318 1668 3387 τοὺς
1692 3321 1835 3388 Πλάτωνος

1047 3407 1177 3473 Λάκωνας
1189 3404 1309 3485 γράψας,
1322 3409 1357 3472 ὡς
1371 3405 1495 3488 ἀλλότρια
1506 3406 1558 3479 έπη
1572 3408 1800 3488 σρετιριζόμενον.
1816 3433 1832 3469 ν)

1047 3497 1073 3551 Ε
1086 3496 1132 3551 Μ.
1147 3494 1205 3551 Sed
1222 3496 1338 3553 absurdi
1357 3497 1428 3570 quid
1449 3508 1552 3553 sonant
1564 3499 1653 3556 rerba
1674 3495 1763 3566 ότυίνς
1776 3501 1832 3561 Πλ.

1051 3586 1086 3642 Δ.
1112 3580 1224 3661 γροίψας,
1244 3603 1404 3659 vereorque
1423 3603 1460 3641 ne
1480 3604 1584 3642 nomen
1602 3586 1657 3645 Πλ.
1677 3587 1834 3646 delendum

928 3665 936 3682 ⁸
1047 3674 1098 3742 sit,
1120 3671 1166 3727 vel
1183 3682 1280 3727 ortum
1300 3670 1482 3743 exilitatem,
1503 3674 1765 3751 interpretamento.
1789 3680 1834 3735 De

1047 3761 1103 3815 hoe
1118 3759 1234 3833 quidem
1254 3760 1292 3818 ef.
1306 3777 1375 3819 ann.
1387 3760 1424 3817 ad
1439 3762 1500 3819 Laii
1517 3762 1551 3820 fr.
1569 3783 1596 3833 1,
1611 3770 1648 3834 43
1664 3764 1701 3821 de
1719 3765 1834 3824 diverso

1047 3860 1141 3904 autem
1163 3858 1331 3924 argumento
1352 3846 1448 3907 Poetae
1467 3851 1672 3927 prolegomena
1685 3850 1748 3925 ejus
1765 3853 1833 3911 dra-

1047 3939 1139 3995 matis.

1428 4046 1452 4084 ι.

1086 4138 1190 4193 hthen.
1212 4135 1259 4207 15,
1274 4155 1304 4211 p.
1319 4135 1424 4207 665,Β
1446 4157 1453 4193 z
1478 4135 1524 4195 καί
1537 4135 1589 4215 γδρ
1602 4137 1647 4195 καί
1661 4137 1722 4218 περί
1736 4139 1833 4210 τόξιιις

1045 4226 1097 4282 τῶν
1108 4226 1254 4303 περιρορῶν
1268 4222 1392 4289 πολλάκις
1403 4223 1514 4303 ἐλέχθη,
1526 4224 1571 4282 καὶ
1588 4225 1647 4304 περὶ
1661 4228 1713 4284 τῶν
1724 4226 1793 4301 preb
1804 4228 1833 4288 τδ

1046 4312 1148 4369 δεῖπνον
1167 4308 1382 4385 ἐπιτελουμένων,
1395 4308 1463 4389 ἅπερ
1477 4310 1522 4368 καί
1543 4310 1616 4388 μάλα
1638 4313 1754 4391 (inepte
1767 4318 1833 4373 libri

1046 4399 1136 4477 μόλις)
1150 4398 1375 4475 ἀναπεμπάζομαι
1386 4397 1569 4477 (recordor),
1581 4400 1772 4471 είπόντοςτινδς
1780 4406 1832 4462 τῶν

1045 4486 1157 4567 ἑταίρων
1167 4485 1201 4544 τδι
1215 4488 1245 4545 ἐκ
1260 4490 1312 4545 τῶν
1330 4484 1464 4546 Λακώνων
1480 4487 1622 4555 Πλάτωνος
1633 4488 1761 4565 ἰαμόεία·

1117 4632 1147 4675 α.
1167 4597 1278 4695 λνδρες
1291 4596 1525 4677 δεδειπνήκασιν
1539 4598 1597 4678 ἤδη
1612 4597 1724 4697 σχεδὸν
1738 4608 1834 4675 ἅπαν·

1610 4728 1671 4779 τες.
1691 4707 1722 4788 β.
1740 4703 1829 4799 Είιγε.

1116 4835 1146 4875 α.
1164 4808 1205 4875 Τί
1221 4812 1255 4874 οὐ
1269 4809 1384 4900 τρέχων
1398 4810 1433 4873 σὺ
1444 4809 1499 4885 τίς
1509 4803 1660 4901 τραπέζας
1674 4812 1829 4904 ἐκρέρεις;

1719 4919 1778 5009 ἐγὼ
1795 4910 1831 4983 δὲ

1116 5022 1218 5110 λίτρον
1234 5017 1369 5110 παρέξων
1388 5021 1525 5112 ἔρχομαι.
1549 5024 1579 5104 β.
1602 5020 1702 5114 Κάγὼ
1718 5013 1756 5088 δὲ
1773 5049 1830 5089 πα-

1640 5132 1829 5221 ρακορήσων·
1855 5145 1863 5160 ·

1117 5223 1249 5304 σπονδὰς
1264 5220 1295 5292 δ’
1315 5229 1421 5294 ἔπειτα
1436 5231 1588 5321 παραχέας
1606 5232 1658 5297 τὸν
1678 5225 1830 5299 κότταβον

1680 5337 1828 5430 παροίσω.

1071 5435 1090 5505 5
1117 5465 1146 5507 α.
1178 5450 1222 5531 Τη
1242 5431 1329 5503 παιδὶ
1351 5440 1419 5514 τοὺς
1445 5440 1550 5517 αὐλοὺς
1574 5442 1663 5531 ἐχρῆν
1686 5433 1748 5515 ἤδη
1775 5445 1830 5536 πρὸ

1614 5548 1716 5639 χειρὸς
1738 5543 1830 5633 εἶναι,

1096 5745 1120 5785 a.
1138 5725 1241 5797 Quidni
1253 5732 1283 5780 tu
1292 5724 1378 5780 curris
1388 5742 1497 5783 mensas
1506 5736 1676 5802 exportatum
1685 5734 1697 5787 ί
1706 5747 1758 5804 ego
1768 5749 1830 5790 vero

1098 5816 1201 5870 nitrum
1222 5812 1316 5869 datum
1331 5828 1373 5869 eo.
1398 5813 1426 5870 b.
1449 5817 1563 5888 Egoquo
1580 5832 1647 5875 sane
1665 5820 1758 5892 soopis
1774 5836 1830 5877 ver-

1566 5909 1641 5974 [ram
1652 5906 1829 5975 cubiculum

1096 5987 1325 6058 libationibusque
1334 5987 1398 6044 dein
1407 5989 1504 6046 aslusis
1512 5991 1650 6049 eottabum
1661 5991 1786 6050 alimum.

1018 6085 1022 6188 γ
1061 6089 1119 6137 aa.
1137 6077 1239 6135 Puella
1250 6076 1328 6131 tibias
1337 6076 1394 6147 iam
1410 6078 1445 6134 ed
1465 6096 1578 6137 manum
1597 6097 1655 6139 eme
1667 6084 1800 6155 oportuit,

1096 6175 1128 6223 ut
1140 6181 1186 6221 eas
1197 6163 1311 6219 inllaret.
1322 6165 1500 6236 Unguentum
1511 6169 1569 6242 jam
1581 6169 1721 6228 offundam

1097 6250 1267 6326 Αῐμγριίοιιν,
1280 6256 1426 6324 posteaque
1438 6253 1539 6312 irinum
1549 6274 1558 6324 ς
1568 6254 1668 6313 deiude
1680 6265 1772 6314 autem
1783 6274 1828 6314 eo

1555 6347 1665 6413 [ronam
1681 6345 1828 6419 uuicuique
