4084 8009
231 1555 283 1604 ἰ16

261 1674 350 1732 αἰνειν.

225 1760 375 1826 Παυσανίας
395 1762 420 1818 δὲ
443 1765 468 1818 ἐν
492 1763 528 1840 τῷ
548 1762 606 1818 κατ’
622 1760 699 1817 αὐτόν
723 1765 851 1840 ῥητορικῷ
872 1760 963 1839 λεξικῷ
978 1763 1006 1818 οὐ

223 1849 263 1904 nt
280 1848 416 1928 διφθόγγου
430 1850 537 1928 γράφων
552 1852 633 1905 αἰνεῖν
649 1850 716 1923 (leg.
736 1848 816 1905 αίνειν
840 1852 1008 1907 discriminis

221 1941 340 2013 cansa),
356 1935 425 1993 ἀλλά
437 1936 478 1994 διὰ
491 1934 569 2011 μόνου
581 1940 626 1993 τοῦ
642 1958 658 1992 α
672 1936 798 2012 διχρόνου,
812 1936 891 2015 φησὶν
903 1965 915 1987 ι
926 1936 1005 1996 Ἀνεῑν

222 2024 334 2100 (Ἀνειν)
351 2028 376 2082 ἓν
398 2025 500 2084 ἐκτάσει
519 2025 572 2103 ἔχει
590 2024 619 2080 τό
642 2048 671 2078 α·
687 2027 715 2081 οὐ
731 2027 804 2093 δηλοῖ
825 2024 851 2082 δὲ
870 2028 1005 2100 (pessime

220 2116 283 2169 libri
293 2116 367 2185 δηλοῖ
376 2113 414 2188 δέ,
424 2116 554 2173 haustum
562 2115 675 2171 videtur
684 2115 719 2168 ab
733 2117 851 2182 «simili,
863 2116 942 2188 quod
953 2136 1003 2170 an-

222 2205 339 2276 tecedit)
354 2201 383 2259 τό
398 2202 525 2272 πτίσσειν,
542 2204 577 2268 ὡς
598 2200 782 2282 Ἀριστοφάνης
799 2203 825 2257 ἐν
842 2200 940 2278 Εἰρήνη
957 2202 1003 2271 δη-

221 2293 270 2347 λοῖ.
290 2293 390 2364 (Forte
405 2293 450 2347 hic
468 2293 548 2347 locus
563 2294 707 2367 neglectus
721 2304 762 2347 est
776 2310 864 2366 quum
879 2292 915 2345 ab
930 2293 1002 2360 aliis,

220 2390 279 2433 turn
290 2379 397 2434 anobis
412 2380 442 2437 in
451 2379 575 2434 editione
586 2378 808 2453 fragmentorum
821 2378 948 2454 Comici.)
959 2379 1003 2434 καὶ
1026 2393 1030 2461 p

219 2466 256 2523 (Ι).
269 2466 291 2521 δ’
304 2464 341 2521 ἔτι
356 2465 420 2543 φησί
432 2490 444 2514 ι
457 2466 512 2523 Νῦν
522 2465 544 2521 δ’
556 2465 629 2541 ἰπιχ.
641 2487 667 2521 τ.
679 2487 720 2541 κρ.
732 2466 786 2536 δεῖ,
799 2488 857 2537 πτ.,
870 2488 925 2543 φρ.,
937 2468 1002 2523 α’πο·
1026 2473 1030 2555 )

219 2551 339 2629 όράττειν
365 2551 449 2629 (εἰσ),
470 2553 539 2610 ἀνεῖν
557 2551 607 2628 (ἰ),
636 2550 725 2619 ἀλίίαι
744 2554 833 2628 (εἰσ),
857 2551 954 2628 μάξαι,
973 2554 1003 2612 τό

218 2641 273 2698 τελ.
290 2662 356 2717 παρ.
375 2666 388 2689 ν
412 2637 481 2717 λε’γει
501 2637 528 2695 δὲ
547 2638 608 2714 καί,
621 2638 637 2695 ό
650 2662 675 2697 τι
689 2641 774 2719 [male
791 2643 856 2697 libri
873 2639 928 2716 ὅτι)
946 2642 1001 2698 δια·

219 2726 290 2801 φέρει
307 2726 336 2783 τὸ
354 2727 471 2784 πτίσσειν
487 2731 532 2783 τοῦ
553 2725 633 2784 αἰνεῖν
646 2728 729 2802 (εἰσ)
744 2726 773 2784 τό
788 2729 835 2803 μὲν
855 2726 905 2806 γάρ
919 2728 1001 2785 πτίσ-

220 2836 273 2872 σειν
285 2814 383 2890 γίνεται
393 2812 435 2871 ἰνα
447 2812 476 2871 τὸ
486 2812 659 2890 πτισοόμενον
671 2814 795 2874 ἀπολίποι
807 2814 958 2895 (ἀπολίπῃ)
973 2815 1002 2873 τό

218 2902 361 2979 πιτυρῶδες
376 2900 483 2979 ἄχυρον,
499 2899 529 2958 τό
544 2900 571 2958 δὲ
592 2902 663 2959 ἀνεῖν
680 2904 722 2979 (ἰ)
744 2901 787 2960 tat
802 2900 898 2981 ξηρῶν,
914 2901 1002 2982 ὥσπερ

217 2990 333 3067 καρύων,
346 2988 388 3045 ίνα
402 2989 431 3046 τὸ
446 2990 579 3068 ἀχυρῶδες
593 2991 677 3047 αὐτῶν
692 2990 816 3070 περικαὲν
835 2990 1000 3070 ἀφαιρεθείη.
1023 3011 1028 3068 p

216 3082 243 3136 ἓν
258 3077 345 3144 ἀλλοις
359 3077 386 3135 δὲ
401 3078 506 3157 φέρεται
518 3079 562 3135 καὶ
576 3082 675 3135 ταῦτα’
691 3080 771 3136 αἰνεῖν
785 3077 857 3156 (εἰσ)
875 3098 881 3138 :
895 3078 924 3136 τὸ
938 3080 1001 3135 ἀνα·
1024 3132 1027 3144 ,

217 3165 337 3243 ἀράττειν
363 3164 541 3240 ἀληλεσμένον
567 3173 650 3223 σῖτον.
675 3166 721 3224 καί
739 3165 853 3236 πτισάνη
875 3166 948 3243 παρὰ
971 3167 1000 3224 τό
1023 3161 1027 3224 i

216 3254 334 3312 πτίσσειν
351 3253 396 3311 καὶ
412 3255 493 3311 αἰνεῖν
509 3252 547 3330 (ἰ)
564 3266 616 3310 etc.
628 3258 660 3311 V.
684 3254 849 3312 Schneider.
865 3258 933 3312 Lex.
949 3257 998 3314 Gr.

215 3362 243 3398 v.
258 3340 365 3399 Διαίνυι.
389 3342 568 3398 Herodianus
588 3345 631 3398 De
648 3342 716 3399 dict.
738 3344 791 3399 sol.
811 3363 841 3417 p.
865 3350 914 3414 al,
943 3343 999 3400 18:

215 3428 310 3500 αἰνοι,
330 3428 359 3485 τό
372 3429 546 3504 δασυνόμενον
560 3427 605 3486 καὶ
621 3427 809 3506 βαρυνόμενον,
821 3428 850 3486 τό
861 3428 935 3507 παρὰ
948 3437 1000 3494 τοῖς

216 3515 354 3587 Ἀττικοῖς,
368 3518 408 3575 (ί).
421 3514 525 3572 αἰνειν
541 3537 547 3571 :
566 3514 684 3572 πτίσσειν
696 3517 753 3592 (ί).
769 3510 812 3573 Ed
822 3528 953 3592 auctore,
972 3530 1000 3574 et

213 3616 331 3679 accepto
341 3604 580 3683 niparaBergkio
590 3605 762 3663 Commentt.
780 3624 809 3679 p.
827 3604 883 3660 306
895 3604 998 3681 (anam

213 3695 235 3748 si
257 3693 346 3749 farina
364 3693 482 3747 subacta
501 3703 553 3764 est,
571 3710 630 3747 non
642 3694 780 3749 continuo
794 3696 876 3769 panis
890 3696 997 3769 apponi

212 3794 305 3857 potest
322 3785 361 3856 ι),
378 3780 499 3839 Meinels.
516 3779 605 3837 edidit

208 3968 220 3983 ,
261 3908 322 3963 Νῦν
340 3890 369 3961 δ’
387 3896 558 3987 ἐπιχεῖσθαι
576 3893 631 3971 τὰς
644 3894 745 3987 κριίίἀς
763 3889 827 3975 δεῖ,
845 3896 996 3977 πτίσσειν,

650 4002 777 4093 φρύγειν,
788 3995 996 4093 ἀναόρσὶττειν,

263 4109 372 4184 αἵνειν,
401 4107 527 4185 ἀλέσαι,
549 4101 659 4196 μάξαι,
689 4104 804 4194 πέψαι,
830 4110 866 4171 τὸ
896 4114 998 4172 τελευ-

711 4220 796 4278 ταῖον
810 4214 995 4304 παραθεῖναι.

212 4342 300 4394 Vcrsu
324 4359 334 4394 1
358 4338 484 4396 Eustath.
501 4338 609 4394 πίττειν.
635 4341 778 4395 »Servavi
797 4337 914 4396 πτίσσειν
930 4360 994 4415 pro-

210 4440 275 4501 pter
297 4427 473 4483 Lobeckium
490 4428 580 4483 Paral.
604 4445 726 4500 gramm.
748 4446 778 4501 p.
804 4428 849 4483 31.
866 4430 909 4484 De
931 4430 995 4484 loco

204 4516 371 4582 herodiani
381 4516 453 4571 dixit
464 4516 596 4572 Dindorf.
611 4516 647 4570 ad
658 4517 740 4571 Plrot.
758 4513 877 4571 Porsoni
893 4534 925 4589 p.
939 4516 995 4590 595

211 4606 254 4659 ed.
270 4607 344 4678 Lips.
362 4632 372 4652 ·
388 4607 476 4659 Mein.

581 4718 626 4772 ¹9·

250 4815 377 4870 Gramm.
402 4814 571 4869 Bachmann.
596 4813 703 4870 Anecd.
732 4830 760 4881 1,
778 4834 808 4887 p.
825 4816 898 4880 (ιβ,
912 4813 995 4871 Χολ-

203 4895 316 4965 'tettae
332 4897 374 4956 διά
395 4902 445 4955 τῶν
461 4900 505 4956 δύο
520 4901 553 4956 λλ
570 4922 576 4953 :
593 4899 639 4963 τάς
656 4901 683 4956 ἓν
701 4902 757 4963 ταῖς
771 4898 864 4973 λαγόσι
880 4900 993 4976 σάρκας·

211 4984 332 5045 edrard).

580 5119 626 5156 το.

251 5215 379 5269 Gramm.
396 5213 482 5270 Bell.
506 5212 617 5271 Anecd.
635 5231 664 5285 p.
688 5209 744 5288 339
759 5213 812 5266 ult.
828 5232 835 5270 2
862 5206 993 5289 Ἄγρυκτα

211 5303 254 5357 καὶ
268 5303 367 5357 ἀλεκτα
379 5299 506 5365 πέπονθα.
523 5296 611 5374 τὸμὲν
625 5298 742 5377 ἀγρυκτα
756 5297 837 5372 ἔστιν,
849 5295 916 5356 ὥστε
926 5297 993 5374 μηδὲ

209 5389 300 5465 γρύξαι
317 5387 359 5445 td
386 5388 433 5457 τὴν
455 5385 603 5465 ὑπερόολὴν
626 5390 677 5445 τῶν
695 5391 795 5445 κακῶν.
819 5386 946 5465 κίχρηται
966 5385 993 5444 δί

211 5481 280 5555 αὐτῷ
295 5476 434 5535 καινότατα
450 5479 490 5536 (ί).

427 5620 456 5660 α.
475 5593 513 5658 Τί
531 5584 560 5655 δ’
579 5591 706 5672 {nullm
1015 5617 1018 5668 t

259 5705 288 5781 β,
310 5691 448 5791 λγρυκτα
461 5693 601 5763 κάλεκτ’·
615 5694 695 5761 ἀλλά
715 5697 861 5785 βούλομαι
877 5697 950 5785 μόνη

257 5811 331 5897 αὐτῇ
354 5808 460 5896 φράσαι
481 5831 538 5873 σοι.

210 6046 309 6112 rigare.
331 6044 445 6103 molere,
460 6042 600 6108 subigere.
618 6051 754 6112 postremo
769 6053 913 6110 apponere.

579 6134 621 6183 20.

243 6231 267 6267 a.
281 6212 352 6280 Quid
368 6228 461 6283 passus
480 6219 526 6269 es?

243 6300 266 6352 b.
283 6303 339 6353 Nec
353 6299 537 6365 mussitanda,
551 6316 639 6371 neque
654 6298 787 6364 dicenda;
809 6300 856 6355 sed
867 6300 917 6355 soli
930 6298 988 6353 volo

277 6384 324 6440 tibi
343 6386 391 6454 ipsi
403 6384 502 6439 dir-ere.

1026 2291 1120 2395 {aaa
1145 2319 1172 2378 ιι

722 1539 924 1604 COMOlilllAE
946 1545 1106 1606 VETERIS
1127 1546 1334 1620 nutnoutnt.

1054 1680 1191 1735 Similiter
1210 1681 1384 1734 Bnclrmanni
1404 1680 1529 1735 Gramm.
1557 1678 1665 1737 Anecd.
1685 1699 1712 1748 1,
1734 1700 1763 1755 p.
1787 1681 1839 1753 25,

1053 1768 1111 1821 lraec
1123 1768 1247 1825 addens:
1262 1765 1354 1845 γρύίαι
1371 1765 1398 1822 δέ
1417 1765 1517 1823 ἔστιτὸ
1537 1766 1701 1843 βραχύτατον
1719 1766 1839 1845 φθέγξα-

1053 1859 1130 1925 σίλαι,
1146 1853 1218 1912 6καί
1233 1854 1359 1933 ἀναρθρόν
1374 1856 1445 1924 ἐστι,
1459 1856 1556 1930 μυγμῷ
1570 1853 1587 1923 ί,
1600 1858 1739 1933 στεναγμῷ
1750 1879 1840 1933 παρα-

1053 1942 1176 2011 πλήσιον.

1422 2051 1437 2084 2
1446 2052 1467 2085 1.

1091 2147 1216 2202 Grarnm.
1231 2147 1350 2201 Belleri
1370 2145 1478 2203 Anecd.
1495 2165 1526 2219 p.
1545 2144 1613 2213 346,
1634 2165 1643 2199 1
1662 2165 1669 2199 ι
1686 2142 1839 2208 Ἀδώνιοι

1051 2233 1090 2291 Φ.
1102 2222 1174 2289 εἶπεν
1185 2232 1241 2288 ἀντὶ
1251 2236 1295 2289 τοῦ
1307 2229 1439 2295 Ἀδώνιδος
1453 2230 1461 2309 (
1473 2234 1560 2286 immo
1573 2230 1631 2288 ἀντί
1641 2236 1686 2289 τοῦ
1699 2230 1836 2309 Ἄδωνις).

1194 2320 1242 2390 τὴν
1263 2319 1409 2389 αἰτιατικὴν
1432 2319 1487 2377 τὸν
1509 2318 1670 2377 Ἀδιύνιον.
1689 2324 1838 2380 Adoneum

1050 2409 1121 2465 dixit
1135 2412 1258 2481 Plautus,
1273 2412 1349 2469 Men.
1369 2430 1392 2479 1,
1406 2428 1436 2479 α,
1455 2408 1504 2468 35.

1414 2543 1463 2582 22.

1088 2639 1167 2695 ldem
1189 2638 1310 2713 pauo,
1326 2657 1375 2706 aa,
1398 2635 1567 2714 Ἀγχαακε
1593 2656 1600 2690 ι
1624 2634 1683 2693 ἀντὶ
1705 2639 1750 2694 τοῦ
1775 2620 1840 2695 dni·¹

1048 2746 1143 2802 χασκε.
1157 2724 1225 2782 οὕτω
1237 2726 1276 2783 Φ.
1294 2754 1306 2776 «ι
1325 2727 1434 2782 Similia
1452 2726 1614 2798 composuit
1628 2726 1732 2801 Bergk.
1747 2726 1835 2783 Com·

1048 2833 1148 2879 mentt.
1162 2842 1193 2897 p.
1207 2821 1276 2879 381.
1293 2847 1306 2872 ν
1321 2823 1364 2876 M.

1413 2917 1462 2973 23.

1088 3031 1166 3085 ldem
1181 3049 1211 3103 p.
1230 3028 1298 3097 368,
1313 3048 1350 3083 aa
1368 3048 1374 3082 τ
1390 3028 1430 3085 Φ.
1444 3024 1489 3096 δί,
1503 3027 1541 3103 τῷ
1552 3024 1666 3085 κόάαλον
1682 3025 1835 3103 συμπλίξας

1039 3115 1077 3177 τὸ
1091 3114 1229 3193 ἀόριστον,
1241 3106 1330 3173 εἶπεν·

1095 3222 1239 3322 Ῠόριστον
1255 3232 1339 3322 ἔργον
1358 3229 1409 3294 καὶ
1422 3223 1553 3295 κόόαλον
1574 3229 1703 3322 εἰργάσω

1096 3360 1348 3453 (συγγραφικόν)

1046 3489 1223 3565 συγγραφικαὶ
1238 3485 1265 3543 δὲ
1272 3487 1307 3568 μί
1322 3489 1459 3555 συνθῆκαι.
1475 3487 1641 3560 Neglectum
1654 3499 1725 3543 esta
1741 3487 1832 3545 libn-

1047 3579 1095 3633 riis
1105 3574 1290 3654 συγγραφικόν,
1305 3595 1364 3648 quo
1380 3594 1452 3649 opus
1464 3585 1504 3630 est
1516 3577 1659 3631 sententie
1671 3592 1678 3633 τ
1692 3575 1831 3650 objurga-

1046 3676 1093 3721 tur
1106 3667 1181 3720 enim
1196 3665 1241 3719 his
1255 3666 1348 3720 verbis
1364 3664 1484 3737 aliquis,
1501 3665 1550 3738 qui
1569 3673 1681 3739 turpem
1698 3682 1733 3721 ac
1751 3664 1831 3722 frau-

1046 3753 1193 3809 dulentam
1205 3753 1366 3827 pactionem
1379 3753 1497 3811 fecerat.

1410 3883 1459 3940 al.

1085 3989 1162 4044 ldem
1179 4008 1209 4062 p.
1237 3987 1305 4062 369,
1326 4008 1349 4057 ι,
1366 3984 1477 4055 Ἀκοήνε
1495 3984 1551 4043 ἀντὶ
1566 3990 1612 4043 τοῦ
1625 3975 1677 4048 ode.
1703 3983 1774 4043 οὕτω
1791 3988 1829 4046 Φ.

1045 4101 1056 4124 ι
1068 4073 1251 4143 ἈκοὴΑῑιίαἰε
1262 4076 1320 4131 lere
1331 4084 1371 4131 est
1378 4078 1489 4130 auditio
1499 4074 1543 4130 vel
1555 4075 1674 4142 auditio,
1688 4076 1829 4130 tamaium

1044 4171 1130 4219 auris.
1146 4166 1262 4239 Legitur
1275 4176 1368 4219 tamen
1382 4164 1436 4220 hac
1452 4161 1659 4238 significatione
1673 4162 1751 4237 apud
1767 4151 1844 4219 Pla-¹

1045 4263 1142 4308 tonem
1151 4254 1224 4307 Tim.
1241 4271 1271 4325 p.
1290 4252 1338 4320 33,
1353 4251 1385 4320 C,
1401 4253 1591 4325 Hermippum
1605 4250 1707 4325 fragm.
1725 4251 1827 4308 incert.

1045 4360 1074 4408 2,
1097 4343 1247 4414 Sopatrum
1263 4341 1365 4399 Athen.
1384 4359 1413 4412 a,
1425 4358 1456 4413 p.
1471 4338 1519 4409 86,
1532 4344 1568 4407 Α,
1592 4356 1757 4412 quanquam
1775 4340 1827 4395 so·

1043 4440 1157 4502 patrum
1171 4430 1250 4483 illum
1265 4430 1365 4482 Atticis
1374 4429 1421 4483 vix
1430 4445 1616 4482 armumerare
1628 4428 1705 4484 licet.
1721 4453 1733 4475 ι
1746 4428 1774 4482 E
1785 4429 1828 4483 M.

1409 4544 1455 4599 25.

1018 4650 1022 4744 (
1085 4657 1164 4712 ldem
1177 4676 1206 4730 p.
1231 4657 1297 4727 373,
1317 4655 1354 4711 αδ
1377 4675 1383 4709 :
1407 4649 1516 4718 Ἀκυλος
1531 4657 1545 4710 ό
1560 4656 1609 4723 τῆς
1619 4651 1711 4731 πρίνου
1726 4653 1830 4729 καρπός

1043 4744 1162 4801 καλεῖται
1174 4741 1224 4801 ὑπό
1233 4745 1284 4801 τῶν
1299 4744 1438 4811 παλαιῶν,
1453 4742 1564 4818 βάλανος
1578 4738 1606 4797 δὲ
1617 4742 1631 4796 ό
1642 4743 1689 4808 τῆς
1700 4739 1786 4819 δρυός

1092 4860 1151 4927 Καὶ
1172 4859 1227 4935 τὰς
1246 4859 1412 4942 βαλάνους,
1441 4858 1492 4923 καὶ
1514 4857 1567 4933 τὰς
1595 4858 1741 4937 ἀκύλους,
1778 4856 1828 4921 καὶ

1607 4961 1662 5037 τὰς
1676 4954 1826 5053 ἀχράδας,

1091 5067 1287 5161 ’περιόντας

1042 5200 1081 5258 Φ.
1099 5200 1178 5255 idem
1192 5218 1310 5273 gramm.
1327 5220 1357 5273 p.
1374 5197 1442 5269 475,
1458 5218 1492 5253 ια
1513 5218 1518 5251 :
1536 5193 1665 5276 Ἄχραίόας
1681 5192 1729 5263 τίς
1746 5194 1825 5276 ἀχίρ·

1041 5289 1099 5352 tou<
1116 5287 1234 5363 λέγουσιν
1306 5287 1350 5343 καὶ
1368 5284 1490 5363 &ppetuu
1514 5283 1674 5359 μνημονεύει
1688 5285 1728 5345 Φ.
1750 5313 1763 5336 ι
1783 5290 1825 5343 Dc

1041 5375 1177 5453 περιόντας
1191 5395 1244 5451 pro
1264 5374 1411 5452 περιϊόντος
1425 5395 1453 5432 ν.
1472 5376 1563 5431 Dobr.
1579 5375 1615 5431 ad
1628 5375 1717 5450 Vesp.
1737 5394 1825 5438 ιοαο,

1040 5477 1125 5539 atque
1147 5467 1186 5520 sic
1207 5466 1292 5519 etiam
1315 5464 1452 5537 Xenoph.
1477 5464 1550 5519 Hell.
1578 5464 1607 5534 3,
1633 5482 1662 5531 a,
1690 5461 1748 5533 αδ,
1776 5464 1827 5518 ubi

1040 5552 1227 5608 Schneiderus
1245 5553 1341 5608 laudat
1359 5553 1447 5609 llruc.
1474 5572 1501 5622 ι,
1526 5553 1572 5608 3ο.
1590 5571 1606 5607 u
1622 5554 1713 5608 Mein.
1733 5555 1769 5610 At
1787 5553 1824 5606 ibi

1040 5661 1112 5695 unns
1133 5642 1206 5696 liber
1218 5639 1359 5717 περιϊόντι,
1374 5641 1563 5713 probantibus
1577 5641 1716 5709 Reiskeo,
1733 5640 1824 5696 Abre-

1039 5731 1135 5794 schio;
1153 5749 1246 5803 neque
1266 5729 1342 5803 apud
1362 5731 1584 5803 Xenophontem
1610 5727 1713 5785 desunt
1732 5728 1820 5788 codd.

1041 5820 1089 5888 qui
1102 5816 1177 5871 idem
1187 5818 1308 5883 habent,
1321 5829 1352 5870 ut
1363 5819 1420 5890 ipsc
1430 5817 1561 5872 Schneid.
1571 5819 1600 5871 in
1609 5816 1822 5890 ordine.Quarc

1414 6043 1455 6092 23.

1039 6124 1268 6180 Contumeliosum
1284 6139 1341 6179 rem
1357 6139 1388 6178 ar
1403 6123 1524 6178 dolosam
1537 6122 1624 6179 fecisti
1640 6121 1802 6192 partionem.

1406 6216 1449 6263 25.

1043 6303 1073 6353 Ι·;ι
1088 6315 1204 6369 <pineus
1220 6297 1345 6365 glandes,
1363 6306 1390 6350 et
1402 6297 1486 6357 ilicis,
1497 6305 1524 6351 et
1538 6294 1669 6351 achrades
1681 6293 1816 6351 adeuntes.
