4084 8009
211 1525 246 1584 tta
705 1508 908 1569 COMOEDlAE
934 1504 1096 1573 vetents
1119 1504 1320 1576 statutum.

210 1658 384 1702 :acesserunt
396 1664 430 1700 ex
445 1646 494 1701 llls.
509 1645 655 1699 Dietaiann
668 1661 673 1699 :
687 1644 788 1715 ‹pnlms
801 1642 893 1695 verbis
904 1658 991 1712 (guum
1039 1639 1126 1692 titulis
1136 1657 1187 1693 suu
1199 1657 1288 1708 inore,
1306 1637 1334 1691 ῖιΙ
1346 1648 1385 1691 est
1405 1637 1488 1691 docte
1500 1646 1526 1689 ct
1545 1634 1692 1708 sagaciter,
1704 1632 1829 1687 instituit

210 1755 266 1788 non
282 1753 298 1789 a
313 1737 403 1801 Vesta,
417 1732 465 1788 sed
481 1731 516 1787 ab
530 1734 619 1801 Jove,
634 1731 743 1784 initium
756 1728 820 1802 liat,
834 1738 910 1783 recte
923 1726 991 1781 hlei·
1038 1726 1195 1782 Meinelaius
1207 1727 1226 1781 l.
1244 1745 1271 1781 e.
1286 1745 1315 1800 p.
1333 1724 1437 1797 69-86,
1454 1723 1489 1777 ad
1502 1739 1587 1795 quem
1601 1731 1629 1775 te
1643 1720 1829 1776 remittimus.

210 1823 273 1878 uela
285 1824 352 1891 ista,
365 1840 427 1896 quae
438 1819 626 1887 antecedunt,
644 1830 747 1874 temere
766 1816 886 1890 repetita
900 1830 935 1872 ex
946 1833 992 1868 su·
1039 1816 1098 1869 Nos
1112 1815 1214 1887 cuique
1225 1813 1324 1868 fabulae
1339 1811 1417 1885 quod
1428 1821 1536 1864 certum
1549 1819 1578 1863 et
1590 1805 1772 1881 exploratum
1786 1809 1830 1860 vi-

209 1910 380 1985 perioribus,
388 1930 406 1963 a
418 1910 502 1963 Vesta
510 1912 653 1981 incipiens,
661 1905 785 1980 expungi
793 1901 884 1973 jussit.
894 1901 990 1957 Schol.
1040 1903 1124 1958 detur
1135 1902 1336 1958 adscribamus.

211 2002 277 2055 Ven.
291 1997 327 2053 ad
340 1996 483 2071 Aristoph.
497 1987 580 2068 Vesp.
595 1993 652 2058 842
667 2014 673 2045 ι
691 1986 781 2048 tutet
795 1987 924 2067 παροιμία
934 1985 993 2066 ’hp'

211 2083 346 2149 Ἑστίας
368 2077 693 2162 ἄρχου,μειενήνικται
711 2076 739 2135 δὲ
753 2075 806 2134 aiath
820 2077 872 2133 τῶν
887 2074 947 2154 περί
961 2073 994 2131 τί
1068 2052 1090 2107 ¹·
1114 2049 1309 2117 ΑΓᾹΘΟῙἨ
1333 2044 1522 2106 ᾹΡΓΪῬΙΟΥ
1551 2042 1799 2104 mimum·

210 2170 268 2251 ίερδι
282 2168 450 2244 καθημίνων·
465 2171 498 2248 τῇ
513 2165 563 2247 γδρ
575 2166 671 2245 Ἔστίογ
691 2162 737 2231 rite
749 2162 872 2243 ἀπαρχὰς
891 2162 944 2228 ίθος
963 2153 994 2233 ἦν
1422 2212 1432 2246 ¹

211 2262 354 2319 adsistat·
371 2258 415 2317 καί
431 2258 568 2337 Σοφοκλῆς
584 2258 611 2315 ἐν
626 2253 731 2333 Χρύσῃ·
1438 2235 1445 2249 ’

249 2371 286 2439 Ὦ
302 2380 394 2458 πρῷρα
407 2375 498 2446 hurih<
512 2374 608 2436 Ἐστία
619 2420 627 2446 ,
639 2372 726 2437 κλύεις
741 2371 819 2446 τάδε,
1080 2352 1183 2408 ‘sthen-
1200 2368 1240 2417 ¹⁰2
1256 2369 1287 2425 Ρ·
1298 2349 1367 2419 415»
1378 2350 1535 2419 οιίθίίίσω
1543 2346 1685 2422 (Ῑῑίωθθ111
1694 2343 1832 2407 hmini*

1042 2459 1268 2497 commemorans
1286 2460 1292 2493 :
1310 2436 1424 2502 τοιοῦτός
1437 2438 1492 2493 lert
1506 2436 1580 2493 καίδ
1598 2433 1671 2512 παρὰ
1684 2434 1832 2513 &purpri-

581 2498 626 2556 ¹⁶¹
1041 2525 1307 2605 τειῆΣτρύττιδιέν
1322 2514 1655 2602 Ἀγαθοῖς,περίούφησιν
1689 2581 1691 2586 ,

254 2638 264 2656 .
288 2609 422 2687 Ἀγριίδων
432 2607 561 2687 πρόσφερε
574 2633 586 2659 υ
602 2609 720 2666 Cratetis
728 2611 814 2665 verba
826 2610 957 2683 leguntur
967 2610 996 2664 in

212 2700 276 2754 loco
286 2698 474 2774 grammatici,
484 2696 520 2752 de
531 2696 695 2769 conjectura
704 2699 834 2753 restituto
847 2697 884 2751 ad
899 2698 996 2771 Eupo·
1098 2692 1127 2732 “-
1146 2662 1216 2758 Ἐγὼ
1233 2665 1382 2731 κατεσθίω
1397 2664 1484 2756 patre
1499 2673 1555 2742 Τῆς
1570 2663 1682 2754 ἡμέρας

213 2786 277 2841 lidis
298 2787 332 2844 fr.
357 2785 374 2840 8
398 2791 635 2843 Astrateatorum.
658 2784 783 2840 Dubium
811 2784 888 2840 aliud
911 2785 997 2841 habes
1092 2764 1398 2863 nivil'*iptptdtpv',
1415 2768 1465 2835 ἐὰν
1482 2763 1645 2860 hilmer-
1668 2771 1699 2852 β
1711 2768 1833 2851 Μόλις,

212 2875 240 2928 in
256 2872 538 2949 Antiphanist'ragm.
555 2869 664 2928 incerto
677 2872 727 2930 68.
1094 2878 1313 2971 ὡςηγ,γόσ,τος
1326 2874 1390 2950 ἦσθ’
1407 2872 1464 2967 ἄρ’,
1479 2873 1510 2952 ὃς
1523 2874 1688 2951 κατεσθίω

1093 2993 1148 3061 τῆς
1162 2988 1272 3075 ἡμέρας
1287 2987 1401 3073 μακροῖς
1417 2983 1552 3072 τριήρους
1564 2980 1655 3047 σιτία.

469 3058 733 3083 w

560 3176 628 3236 vm
1045 3140 1303 3210 Duos-postremos
1322 3154 1418 3191 versus
1437 3135 1518 3209 pouit
1547 3133 1621 3189 idem
1653 3132 1682 3204 6,
1697 3151 1730 3207 p.
1757 3131 1829 3202 aas,

635 3221 640 3231 ¹
1045 3225 1084 3294 C,
1100 3221 1297 3300 ὀλιγοσίτου
1320 3220 1348 3278 δὲ
1373 3220 1505 3296 μέμνηται
1530 3218 1662 3299 Φρύνιχος
1684 3220 1711 3277 t»
1738 3220 1831 3279 ttam-

442 3325 769 3394 PHERECRATES,
1046 3314 1169 3391 τρόπῳ...
1183 3311 1229 3368 καί
1240 3308 1308 3378 <lta
1323 3309 1486 3387 Στράττιδι
1502 3307 1555 3385 λγ.
1571 3306 1644 3372 «Ὡς
1655 3307 1724 3384 δλιγ.
1739 3309 1801 3368 κτλ.
1819 3334 1831 3358 ·

1046 3405 1133 3457 Versu
1161 3419 1171 3454 1
1197 3398 1362 3454 melioribus
1382 3398 1508 3452 numeris
1529 3396 1606 3471 legas
1621 3390 1673 3470 ίγὼ
1686 3391 1765 3468 μύλος
1777 3414 1829 3449 κα-

255 3483 436 3540 Pherecrates
456 3481 635 3538 Atheniensis
659 3482 892 3555 praestantissimis
921 3485 996 3537 anti·
1046 3488 1148 3545 τεοοίω,
1168 3491 1269 3543 Versus
1287 3504 1304 3541 a
1325 3504 1385 3541 non
1403 3496 1443 3541 est
1460 3483 1646 3557 modulatior,
1661 3499 1759 3556 aeque
1772 3484 1829 3537 usi·

217 3589 278 3642 quae
290 3570 436 3626 comedia
449 3570 541 3644 poetis
556 3580 720 3625 accensetur
732 3570 768 3625 ab
787 3574 943 3646 Anonymo
958 3572 998 3627 Ile
1046 3588 1135 3632 tatum
1148 3572 1332 3650 ἡμιμέδιμνον.
1344 3577 1440 3647 Quare
1450 3584 1566 3647 poetam
1581 3571 1685 3628 dixisse
1701 3570 1830 3627 arbitror

216 3657 356 3713 comoedia
373 3679 402 3732 p.
418 3677 479 3717 xrv.
496 3658 552 3748 Qui
575 3659 658 3731 plura
675 3677 704 3733 p.
723 3676 758 3712 xv
776 3679 782 3711 :
808 3656 997 3736 Φερεκράτης,
1046 3662 1117 3720 aba*
1128 3659 1303 3737 ἠμιμεδίμνί,
1323 3659 1355 3717 δν
1369 3672 1437 3731 etc.,
1452 3662 1572 3716 ridicule
1585 3669 1724 3733 usurpato
1739 3658 1829 3715 demi·

216 3743 362 3813 Ἀθηναῖος,
376 3751 435 3820 νικᾷ
453 3741 644 3821 ίπίίθεοίτρου,
657 3742 792 3820 γενόμενος
815 3744 842 3800 δὲ
857 3744 999 3823 ύπύπικρος
1045 3754 1162 3820 nativo,
1174 3752 1255 3825 quasi
1269 3767 1358 3826 parva
1371 3750 1432 3805 visa
1444 3750 1498 3805 hac
1512 3764 1643 3804 mensura
1658 3746 1769 3801 homiui
1782 3764 1831 3802 vo·

218 3834 272 3907 (sic
290 3835 414 3889 correxit
428 3830 595 3889 Dindorlias
615 3833 695 3906 quod
712 3833 872 3907 legebatur,
893 3831 997 3908 γινόμε·
1046 3840 1115 3894 raci.
1134 3840 1167 3895 V.
1192 3828 1296 3907 θῆσθα
1319 3838 1429 3893 dictum
1443 3837 1589 3903 aoristice,
1608 3844 1641 3889 ut
1660 3834 1762 3908 sepius
1776 3834 1830 3889 irn-

216 3941 307 3993 μενος,
321 3919 373 3979 ὁδί
385 3917 542 4000 ὑποκριτὴς)
553 3920 669 3990 ἐζήλωκε
687 3918 831 3996 Κράτητα,
845 3919 890 3976 καί
905 3910 940 3976 αθ
952 3926 999 3979 τοῦ
1046 3926 1212 4002 perlectum.
1228 3926 1420 4002 Exaggeratio
1441 3922 1553 3980 comica
1572 3939 1632 3977 nou
1653 3920 1725 3996 lugit
1747 3922 1830 3978 Bac·

216 4004 261 4081 μὲν
285 4008 407 4084 λοιδορεῖν
437 4006 555 4077 tiniam,
583 4006 731 4084 πράγματα
766 4006 794 4063 δὲ
819 4006 999 4084 εἰσηγούμενος
1047 4013 1145 4070 khium
1165 4016 1275 4075 OEcon,
1298 4019 1359 4071 Ate,
1382 4031 1459 4088 1,p-
1479 4001 1831 4085 309.lierghiruquoque

216 4095 292 4151 καινὰ
315 4095 467 4169 ηὐδοκίμει,
489 4095 626 4172 γενόμενος
646 4093 773 4172 εὑρετικὸς
797 4093 896 4167 μύθων.
915 4099 999 4154 Unde
1046 4105 1217 4160 Commentt.
1233 4100 1335 4177 past
1350 4102 1463 4157 curiose
1475 4100 1534 4154 haec
1549 4095 1585 4153 ad
1597 4096 1737 4152 alonim
1751 4113 1832 4153 revo-

216 4196 333 4259 apparet
359 4183 487 4240 festivum
516 4198 544 4241 et
566 4185 718 4240 hilaritatis
742 4184 858 4258 plenum
881 4183 999 4256 jocaurli
1047 4190 1139 4247 canda
1152 4209 1211 4247 esse
1232 4201 1334 4265 negat,
1351 4188 1508 4263 siquidem,
1530 4204 1619 4260 quum
1636 4185 1747 4240 triremi
1767 4186 1831 4260 ple-

216 4291 304 4346 gcnas
323 4282 450 4329 secutum
471 4291 529 4330 esse
544 4274 745 4329 Pherecratem
763 4272 920 4330 imitatione
932 4275 1000 4331 (Ira-
1046 4296 1168 4350 rumque
1195 4278 1309 4333 ducenti
1337 4276 1461 4349 impositi
1487 4273 1592 4328 fuerint
1618 4271 1755 4347 remiget,
1781 4274 1830 4347 qni

217 4363 296 4433 tetis,
309 4371 336 4415 ct
354 4370 518 4435 argumenta
531 4362 669 4415 continua
683 4359 830 4417 invenisse.
847 4360 945 4434 Neque
960 4374 999 4418 ta·
1047 4368 1202 4422 cboenicem
1218 4364 1276 4421 cibi
1291 4363 1470 4437 accipiebant
1486 4362 1515 4416 in
1529 4360 1621 4429 diem,
1639 4360 1729 4434 longae
1751 4362 1832 4416 nevis

217 4467 279 4503 mea
301 4467 365 4504 eum
385 4466 401 4502 a
416 4449 594 4522 singulorum
606 4447 757 4503 hominum
775 4448 1001 4506 cavillationibus
1048 4456 1155 4511 cibaria
1173 4453 1341 4528 quotidiana
1359 4451 1547 4517 tmedimuos
1565 4467 1631 4503 cum
1648 4448 1773 4503 sextario
1788 4448 1830 4504 ei-

216 4537 379 4594 abstinnisse
393 4536 676 4612 fragruentadeceut.
695 4536 729 4594 ln
741 4537 887 4611 prioribus
906 4538 1001 4596 verbis
1048 4545 1176 4600 iecerint.
1189 4543 1270 4598 Idem
1290 4543 1333 4595 vir
1344 4540 1521 4595 doctissimus
1534 4539 1574 4593 ib.
1591 4556 1619 4612 p.
1633 4534 1701 4606 286,
1721 4534 1829 4593 Phere-

217 4628 357 4699 Λιιοιιγιιιῖ
369 4625 585 4681 incommodum
598 4624 675 4680 istud
685 4620 729 4679 ἐπὶ
738 4622 846 4703 θεάτρου
856 4637 1001 4683 rectecor·
1048 4644 1168 4697 cratem,
1185 4632 1243 4684 sive
1256 4646 1455 4703 quemcunque
1467 4627 1554 4682 alium
1564 4665 1573 4695 ,
1584 4626 1613 4678 in
1622 4623 1676 4679 hac
1689 4624 1831 4680 comoedia

217 4716 319 4769 rexisse
332 4714 446 4769 videtur
460 4714 613 4782 bobrane,
635 4719 695 4791 νικᾷ
716 4711 759 4768 inl
777 4711 931 4791 Θεοδώρου,
955 4735 999 4772 ar·
1048 4721 1127 4794 quasi
1150 4736 1267 4775 aureum
1289 4716 1435 4790 quoddam
1454 4714 1586 4769 saeculum
1607 4728 1753 4766 reversum
1774 4710 1831 4766 fin-

218 4802 320 4875 elrante
334 4804 400 4855 anni
414 4801 430 4855 3
449 4802 622 4875 olympiadls
633 4800 741 4857 LXXV
755 4800 795 4879 (a.
804 4803 871 4860 Chr.
886 4804 964 4878 438).
979 4810 1002 4860 A
1049 4809 1118 4863 aisse
1132 4816 1231 4881 putat,
1245 4824 1334 4878 quum
1353 4813 1501 4877 argentum
1518 4800 1691 4867 evanuisset,
1708 4798 1792 4871 cujus
1803 4800 1833 4854 il·

220 4889 382 4963 Phrynicho
393 4888 519 4963 sophista
533 4910 578 4965 ap.
589 4892 687 4965 Steph.
699 4892 765 4964 Bya.
782 4910 813 4965 p.
832 4891 867 4956 43
882 4891 1001 4965 aliisque
1049 4894 1168 4949 lecebris
1181 4912 1240 4947 uon
1253 4902 1417 4964 corruptos,
1432 4900 1464 4945 ut
1475 4898 1589 4963 postea,
1609 4886 1739 4942 homiues
1749 4887 1832 4942 inno·

219 4989 338 5031 vocatur
353 4988 437 5051 poeta
451 4977 642 5050 ἀττικοίτστος,
656 4992 778 5053 suntque
795 4981 824 5035 iu
839 4980 1004 5054 fragmentis
1050 4991 1143 5035 ccutcs
1164 4981 1282 5034 otiosam
1296 4990 1324 5033 ct
1341 4979 1454 5034 beatam
1467 4979 1553 5032 vitam
1571 4976 1668 5049 egisse.
1687 4974 1781 5047 Hujus
1793 4977 1833 5031 si·

219 5076 246 5119 et
260 5065 363 5139 ingenii
376 5076 406 5120 et
422 5067 566 5142 elegantiae
579 5069 735 5142 specimina
744 5069 877 5142 plurima.
893 5069 1002 5124 Nihilo·
1049 5066 1116 5123 mile
1128 5077 1326 5141 argumentum
1340 5067 1394 5121 suit
1411 5065 1533 5121 Cratetis
1556 5065 1587 5119 in
1603 5060 1731 5138 Θηρίοις,
1745 5080 1834 5137 quera

219 5155 311 5208 atinus
333 5154 442 5209 insolita
462 5155 592 5228 quaedam
608 5165 635 5210 et
650 5175 664 5209 a
678 5153 811 5230 priorum
830 5157 859 5210 in
880 5157 1003 5213 dicendo
1050 5156 1194 5210 aemulatus
1205 5172 1264 5209 esse
1280 5154 1387 5209 dicitur
1398 5153 1590 5209 Pherecrates.
1609 5155 1777 5223 Anonymus
1792 5154 1835 5208 ue

220 5244 367 5298 severitate
377 5243 537 5327 recedentia
548 5243 634 5301 docte
645 5245 754 5299 notavit
765 5245 921 5300 lleiuelrius
931 5247 1001 5304 Hist.
1050 5243 1189 5299 comoedia
1207 5264 1213 5295 :
1238 5241 1442 5318 Φερεκράτης...
1457 5240 1571 5308 ἐζήλωκε
1588 5234 1728 5314 ίίρύτητα,
1740 5236 1788 5293 καὶ
1802 5222 1836 5295 αθ

221 5334 274 5385 crit
294 5334 375 5389 Com.
389 5351 418 5405 p.
435 5333 471 5402 67
483 5351 541 5405 seq.
554 5336 597 5388 De
606 5344 699 5388 metro
714 5332 910 5402 pherecraten,
924 5336 1003 5408 quod
1050 5334 1095 5388 τοῦ
1109 5331 1156 5405 μὲν
1170 5329 1295 5408 λοιδορεῖν
1311 5328 1433 5404 ἀπέστη,
1448 5326 1593 5404 πράγματα
1611 5323 1638 5382 δί
1649 5322 1835 5400 εἰσηγούμενος

221 5438 249 5473 ιο
264 5421 387 5493 primum
401 5422 537 5475 invenisse
551 5423 688 5494 gloriatur
699 5422 729 5475 in
740 5420 841 5495 fragm.
857 5420 873 5477 5
891 5421 1002 5498 Κοριαν-
1051 5417 1128 5476 καινὰ
1138 5415 1274 5490 ηὐδοκίμει
1284 5416 1419 5494 γενόμενος
1431 5414 1559 5493 εύρετικδς
1569 5414 1667 5489 μύθων.
1678 5413 1836 5490 Abu-gkio

222 5508 293 5580 νοῒις,
312 5506 467 5581 disputavit
482 5509 638 5563 Hermann.
663 5511 761 5567 Doctr.
782 5520 863 5566 metr.
879 5528 909 5582 p.
935 5508 1002 5575 431..
1052 5508 1214 5563 dissentiens
1228 5508 1350 5565 Meinelr.
1365 5507 1438 5563 Hist.
1454 5507 1518 5561 erit.
1540 5503 1622 5562 Com.
1642 5519 1686 5577 gr.
1706 5520 1739 5576 p.
1763 5501 1834 5571 aab,

224 5594 341 5648 Fabarias
355 5613 420 5650 eum
438 5596 568 5650 docuisse
585 5597 733 5650 octodecim
747 5607 845 5651 auctor
863 5608 901 5651 est
925 5601 1003 5652 Ano·
1051 5598 1090 5651 sic
1103 5596 1180 5651 lere:
1199 5621 1211 5642 «ι
1230 5593 1332 5668 Ἀγαθοί
1346 5594 1499 5648 laudantur
1510 5593 1654 5658 Athenaeo,
1666 5589 1696 5663 6,
1713 5607 1745 5663 p.
1764 5590 1836 5664 μήθ,

222 5700 336 5754 ιιγιιιοε;
354 5685 475 5739 sedecim
501 5684 589 5738 modo
609 5696 758 5738 numerant
782 5684 926 5739 Suidaset
946 5687 1004 5739 Eu-
1051 5684 1084 5752 C,
1098 5695 1126 5738 et
1143 5683 1188 5751 15,
1204 5702 1234 5756 p.
1251 5681 1328 5750 685,
1345 5684 1377 5750 C,
1393 5681 1443 5736 sed
1457 5682 1558 5748 ita,ut
1572 5677 1735 5734 dubitatum
1750 5676 1838 5734 saise

223 5770 316 5828 clncia.
340 5774 381 5826 De
395 5773 539 5826 nonnullis
552 5772 624 5826 infra
639 5770 799 5826 videbimus
811 5774 931 5827 incertos
945 5773 1003 5826 hac·
1052 5782 1202 5845 appareat,
1217 5781 1350 5825 utrumne
1368 5769 1546 5825 Pherecrates
1561 5785 1596 5822 aa
1607 5766 1719 5822 Strattis
1732 5761 1839 5822 fabulae

223 5860 289 5912 sisse
302 5869 410 5915 veteres
424 5862 538 5915 criticos
555 5861 590 5915 ad
602 5879 686 5933 quem
702 5872 817 5933 poetam
832 5872 920 5915 essent
933 5860 1006 5917 refe·
1053 5871 1153 5914 auctor
1163 5859 1309 5914 habendus
1321 5870 1400 5914 esset.
1414 5856 1498 5930 Apud
1510 5855 1625 5913 Suidam
1640 5865 1668 5911 et
1677 5854 1839 5910 Eudociam

224 5944 328 6001 remla.
352 5947 538 6017 Quaestionem
554 5947 589 6002 de
608 5947 726 6021 singulis
748 5949 797 6021 qai
814 5960 1007 6004 memorantur
1027 5894 1031 6006 i
1052 5950 1153 6020 plenus
1164 5948 1260 6001 titulus
1272 5948 1311 6000 sic
1322 5947 1409 6000 hahet
1422 5966 1427 5997 :
1441 5942 1543 6018 ἰίγαθοί
1554 5942 1610 6011 ἤτοι
1623 5940 1758 6017 Ἀργυρίου
1770 5942 1840 6019 ἄρα·

386 6114 468 6167 seat
484 6115 540 6168 sive
554 6115 715 6169 ARGENTl
729 6115 837 6171 FUGA.
1054 6117 1174 6186 quinque
1188 6113 1341 6169 medimnos
1351 6113 1495 6171 dimidios.
1509 6112 1531 6166 si
1545 6125 1637 6181 cogar.
1651 6108 1677 6163 b.
1695 6109 1806 6166 Vitae?

604 6209 626 6255 1.
1054 6204 1135 6268 igitar
1151 6203 1222 6272 parvi
1240 6210 1268 6256 tu
1287 6201 1340 6255 eibi
1355 6201 1438 6254 hamo
1450 6216 1491 6259 es.
1508 6198 1554 6269 qai
1567 6194 1694 6253 eomedas

227 6301 251 6337 a.
272 6283 327 6350 Εμο
342 6286 380 6339 vix
391 6287 442 6339 eda
458 6303 504 6357 per
516 6288 587 6344 diem
693 6326 697 6331 -
1056 6305 1100 6360 per
1113 6288 1185 6343 diem
1198 6289 1285 6357 longa
1301 6289 1374 6343 navis
1387 6288 1496 6342 cibaria.
