4084 8009
886 1521 1156 1584 thaeroneus.

210 1659 300 1740 μάνη,
311 1660 340 1720 ίν
347 1659 441 1739 χιτῶνι
449 1655 575 1736 κροκωτῷ
585 1646 666 1725 οὖσα,
679 1650 811 1731 ίπίδραμε
826 1649 883 1727 μυί.
896 1648 999 1728 μέμνη·

211 1771 259 1810 ται
271 1746 369 1820 πίττῃ
384 1747 451 1828 Στρ.

589 1859 637 1901 1².

254 1960 374 2033 ldemd,
387 1955 595 2036 35,“Οσκν“ιψ
609 1956 639 2013 ίν
651 1952 746 2035 χώρρ
758 1975 765 2010 :
778 1953 822 2012 ἐπὶ
836 1954 887 2010 τῶν
900 1948 1002 2030 ταχέως

215 2046 466 2128 μιταπηδώντωνίι
491 2041 622 2124 παροιμία
639 2041 752 2123 εἴρηται.
769 2040 847 2122 σκνίψ
872 2039 923 2120 γάρ
949 2040 1005 2096 ἐστι

212 2137 331 2218 θηρίδιον
342 2133 504 2215 ξυλοράγον,
522 2131 577 2190 άπὸ
590 2131 671 2190 τόπου
686 2134 721 2196 είς
740 2127 818 2188 τόπον
833 2127 1003 2206 μεταπηδῶν.

215 2227 337 2306 (cates
354 2225 436 2284 Gau
450 2243 497 2300 ap.
513 2219 649 2294 Aristot.)
669 2216 802 2296 μίμνηται
822 2213 920 2286 ταύτης
940 2216 1005 2291 Στρ.

215 2315 329 2374 Eodem
339 2331 423 2371 sensu
438 2311 558 2369 Pharios
574 2328 607 2385 p.
630 2307 700 2384 522,
715 2303 752 2366 ‘0
766 2303 847 2385 σκνίψ
863 2304 893 2361 lx
905 2299 1006 2382 χώρας.

215 2403 300 2464 ldettt
310 2413 352 2461 est
361 2399 435 2484 κνίψ.

588 2491 634 2550 13.

259 2603 567 2683 Suidas‚duotipoto
586 2623 594 2662 ι
610 2601 732 2680 ἀνόμοια.
748 2602 814 2678 Στρ.
916 2587 919 2592 ’

593 2739 606 2776 ι
633 2764 640 2779 .

260 2829 344 2890 Idem
360 2837 389 2886 et
399 2845 521 2904 gramm.
536 2724 657 2883 ueniri
671 2843 702 2900 p.
718 2831 787 2893 tar,
809 2828 855 2891 rh,
870 2817 1008 2894 ’Λπεμυ-

219 2915 316 2990 διίσιι
329 2915 413 2974 aaut
425 2919 471 2974 του““
485 2911 654 2990 «indeficuo.
670 2913 736 2992 Στρ.

598 3018 643 3076 ι5.

263 3147 366 3206 Pollu
375 3165 403 3218 a,
418 3144 473 3212 181.
489 3143 556 3204 ικαὶ
566 3138 724 3218 λισπδπυγοι
738 3138 791 3218 (de
800 3140 845 3198 his
856 3159 884 3200 v.
897 3141 935 3197 ad
949 3138 1013 3197 Pla·

223 3237 301 3294 lonis
323 3237 431 3294 luoert.
456 3233 506 3311 a),
525 3220 606 3312 1ρῷ
629 3228 747 3306 μάλιστα
767 3227 898 3299 Ἀθηναῖοι
916 3250 1012 3306 κώμῳ·

224 3324 346 3383 trimi.
370 3320 419 3393 τὴν
441 3319 469 3380 dl
493 3319 574 3385 odem<
596 3316 709 3398 ἔχουσαν
735 3316 923 3397 διάτραμιν
946 3318 1012 3394 Στρ.

222 3411 360 3488 hilpan.
383 3411 505 3487 llesych.
526 3406 696 3488 Διάτραμιςι
718 3404 862 3485 διερρωγὼς
886 3404 930 3462 τὸν
950 3403 1015 3481 τρά-

226 3521 290 3578 μιν,
300 3497 346 3558 τδν
363 3498 418 3558 άπδ
438 3496 533 3578 δαχίου
545 3496 589 3555 tut
602 3494 636 3554 τδ
650 3493 725 3574 lupia
747 3495 840 3554 τόπον.
854 3495 1016 3550 scribamus

224 3589 310 3668 διιρρ.
325 3585 374 3658 τὴν
390 3584 500 3666 τράμιν,
514 3583 563 3658 τὴν
577 3584 630 3642 ἀπὸ
644 3584 669 3645 δ.
684 3582 729 3642 lul
741 3582 775 3641 τίι
790 3585 821 3659 ί.,
837 3584 931 3640 deleto
943 3585 1016 3659 glos·

226 3675 432 3738 ιιιιιιιιοτίτον.

604 3764 648 3821 ι6.

268 3878 352 3935 ldem
363 3876 393 3947 3,
408 3893 447 3947 27
462 3892 471 3934 t
485 3873 641 3950 δνσμάζιται
655 3869 683 3930 δί
697 3869 743 3928 καί
754 3869 827 3950 παρδ
844 3867 989 3947 Στράττιδι
1001 3871 1017 3938 ἡ

227 3963 409 4045 πρόγονος.
426 3964 545 4022 Beklter.
555 3963 646 4021 edidit
659 3958 868 4040 ἠπρογονός,
881 3969 1016 4033 osytone.

601 4094 612 4130 1
640 4115 647 4129 .

271 4187 354 4248 lum
368 4187 399 4260 6,
415 4185 472 4246 156
493 4206 500 4241 :
518 4185 584 4263 Στρ.
601 4093 661 4253 τάδε
674 4181 804 4257 ὁμήλικας
821 4181 923 4262 ιίρηκιν
940 4184 1020 4256 6μο-

231 4275 381 4356 ιιτίρουτ.

609 4368 656 4429 ιδ.
702 4423 708 4434 ,

275 4493 394 4550 Photius
410 4511 441 4569 p.
454 4492 526 4568 609,
545 4511 593 4568 ιι,
610 4490 742 4570 Τρῶγις
761 4510 767 4545 :
784 4489 861 4569 θηρία
874 4488 906 4545 τὰ
923 4492 950 4547 ἐν
970 4496 1023 4555 τοῖς

234 4577 365 4662 dunphig.
377 4577 446 4638 οὕτω
459 4581 527 4660 Στρ.

604 4712 652 4768 ¹9·

275 4805 483 4883 metrapoli,
500 4803 810 4881 3,Λιλιπασμίνον
823 4823 830 4864 :
845 4804 1024 4881 πεπεμμένον·

237 4891 309 4952 οὕτω
322 4893 389 4973 Στρ.
404 4895 531 4970 llesyeh.
546 4892 747 4971 Λιλεπιισμίνον
766 4917 771 4949 :
800 4895 835 4960 είς
853 4893 931 4972 πέψιν
950 4884 1024 4963 ἧκον.

237 5005 252 5034 ι
261 4984 364 5060 ltaque
375 4981 499 5051 λιπάζιιν
509 4982 597 5054 idem,
612 4985 693 5059 quod
704 4981 888 5049 uterentur.

609 5108 658 5146 20.

281 5204 403 5263 aunan.
416 5221 450 5279 p.
466 5201 516 5273 85,
530 5223 559 5274 7,
575 5200 697 5269 Βιάάζιιν
713 5220 721 5261 :
740 5199 770 5259 ιδ
784 5201 894 5281 ὀχεύειν.
909 5201 1028 5267 Ἀλκαῖος

241 5290 267 5350 δ’
284 5291 314 5350 iv
338 5289 487 5350 Καλλιστοῖ
503 5288 545 5348 ἐπ’
563 5290 700 5369 άνθρώπου
716 5288 777 5370 ίρη.
793 5290 889 5368 βαίνων
915 5292 1027 5365 (niort.

242 5375 354 5457 βαίνειν.
367 5405 380 5431 ν
391 5379 453 5456 Μ.)
467 5375 625 5436 ίπὶταῦτυῦ.
639 5376 750 5449 ίκΰῆσαι
764 5378 865 5458 δέραισι
879 5378 930 5435 δεῖν
944 5377 1028 5453 λέγειν

242 5465 289 5524 καί
301 5463 468 5542 aaudiat,
477 5465 526 5524 οὔκ
537 5462 678 5524 ίκάιδάσαι
696 5465 757 5543 (καὶ
769 5464 949 5524 notititiam
963 5486 1028 5541 sup·

242 5553 383 5634 plutdttm
396 5573 455 5614 we
466 5553 539 5614 vidit
550 5551 672 5615 lleinelt.
684 5555 707 5633 l.
723 5553 861 5634 Στράττις.

1376 1667 1499 1727 xxvu.

1280 1816 1600 1886 THEOPOMPUS.

1093 1983 1343 2055 «Theopompus,
1371 1979 1564 2053 Atheniensis,
1586 1978 1665 2052 apud
1696 1982 1835 2037 Zonaram

1050 2090 1081 2146 p.
1093 2089 1159 2138 aro,
1171 2079 1200 2124 et
1211 2071 1241 2123 in
1252 2067 1399 2123 codicibus
1408 2069 1512 2141 passim
1522 2068 1643 2141 scriptus
1652 2065 1836 2140 Θεόπεμπτος,

1051 2178 1147 2215 errore
1159 2160 1246 2213 etiam
1260 2155 1291 2211 in
1301 2157 1429 2212 historici
1441 2157 1557 2211 nomine
1577 2157 1644 2211 satis
1659 2156 1757 2216 obvio.
1773 2160 1838 2213 Sui-

1052 2248 1125 2305 das:
1144 2243 1314 2318 Θεόπομπος,
1336 2242 1483 2301 Θεοδέκτου
1500 2241 1518 2313 ἢ
1532 2241 1683 2320 Θεοδώρου,
1694 2242 1836 2315 Ἀθηναῖος,

1053 2331 1184 2409 κωμικὸς,
1204 2330 1303 2398 ἐδίδαξε
1325 2330 1448 2409 δράματα
1467 2329 1517 2389 κδ’.
1540 2332 1597 2389 ἐστὶ
1617 2329 1644 2389 δὲ
1663 2335 1709 2402 τῆς
1727 2332 1839 2413 ἀρχαίας

1054 2417 1195 2500 κωμῳδίας
1211 2422 1270 2477 κατ’
1286 2416 1483 2497 Ἀριστοφάνην.
1502 2417 1624 2497 δράματα
1637 2418 1665 2477 δὲ
1682 2421 1761 2479 αὐτοῦ
1787 2423 1839 2481 elol

1059 2508 1150 2584 (ἐστι)
1170 2506 1216 2565 καί
1234 2506 1302 2564 ἄλλα
1316 2505 1414 2568 πολλά.
1434 2509 1526 2564 Verba
1543 2506 1562 2578 ἢ
1582 2504 1722 2588 Θεοδώρου
1745 2515 1840 2568 omisit

1055 2597 1184 2653 Eudocia
1193 2617 1223 2672 p.
1234 2597 1304 2655 232.
1315 2597 1463 2653 Fabricius
1470 2598 1601 2655 Bibl.Gr.
1613 2617 1640 2667 a,
1649 2619 1679 2673 p.
1693 2598 1760 2670 501,
1771 2602 1840 2657 The·

1055 2688 1178 2742 odorum
1187 2687 1258 2742 dicit
1266 2688 1426 2760 Tragicum,
1442 2688 1569 2761 cogitans
1580 2686 1697 2743 sortasse
1705 2689 1741 2744 de
1749 2692 1840 2745 Theo-

1055 2774 1149 2847 doro,
1172 2774 1325 2830 Alexandri
1342 2774 1450 2829 Pheraei
1462 2775 1562 2847 aquali
1584 2775 1627 2848 (ν.
1645 2777 1731 2850 Diog.
1743 2779 1840 2835 Laert.

1056 2881 1086 2929 a,
1101 2861 1146 2936 8),
1161 2863 1211 2935 qui
1225 2858 1405 2936 Theopompi
1424 2871 1506 2935 pater·
1521 2880 1578 2917 esse
1595 2881 1654 2917 non
1663 2865 1768 2937 potuit.
1784 2867 1842 2920 Nee

1056 2950 1092 3005 de
1106 2950 1267 3005 Theodecte
1293 2961 1368 3004 certa
1393 2968 1437 3004 res
1460 2960 1518 3023 est,
1534 2960 1562 3005 et
1584 2969 1638 3023 pro
1657 2969 1692 3006 eo
1717 2954 1842 3010 Tisame-

1056 3057 1125 3092 num
1137 3039 1266 3093 nominat
1276 3038 1402 3093 AElianus
1413 3038 1442 3092 in
1455 3056 1542 3112 opere
1551 3039 1593 3092 De
1602 3038 1783 3111 providentia
1795 3060 1840 3114 ap.

1060 3125 1175 3180 Suidam
1198 3126 1218 3179 l.
1244 3144 1271 3180 c.
1304 3125 1357 3181 llic
1377 3123 1494 3197 quidem
1522 3125 1602 3198 quod
1626 3126 1843 3201 Theopompum

1059 3213 1254 3287 Aristophanis
1277 3212 1413 3285 aeqiralem
1427 3212 1514 3280 dicit,
1529 3230 1596 3268 saue
1611 3213 1640 3267 in
1662 3214 1788 3271 dramate
1802 3217 1846 3269 in-

1058 3303 1164 3376 scripto
1195 3299 1402 3375 ίΙαῖδες,οριιιί
1426 3300 1516 3355 schol.
1545 3301 1648 3355 Avium
1676 3300 1760 3373 1568,
1781 3322 1845 3378 per·

1059 3391 1173 3445 strinxit
1191 3388 1386 3463 Laespodiam,
1407 3406 1492 3462 quem
1507 3390 1631 3444 maxime
1644 3390 1753 3464 olymp.
1770 3411 1805 3468 91
1818 3404 1848 3446 et

1061 3495 1098 3551 9²
1118 3475 1267 3550 (tro-411
1296 3486 1360 3530 ante
1383 3475 1451 3533 Chr.
1483 3474 1560 3550 nat.)
1586 3476 1750 3533 inclaruisse
1774 3498 1847 3534 con-

1061 3576 1115 3619 stat
1125 3585 1138 3620 e
1149 3565 1238 3620 Time.
1249 3563 1280 3633 6,
1297 3561 1363 3631 105,
1375 3572 1403 3618 et
1415 3562 1443 3632 8,
1456 3561 1505 3621 86.
1520 3563 1609 3637 Magis
1620 3574 1712 3620 tamen
1722 3576 1849 3623 extrema

1061 3654 1169 3709 Comici
1187 3664 1316 3725 tempora
1329 3661 1467 3726 spectasse
1481 3652 1607 3721 Suidam,
1623 3672 1711 3725 quum
1726 3656 1788 3710 aliis
1802 3673 1848 3710 ar-

1062 3742 1203 3816 gumentis
1219 3741 1399 3814 intelligitur,
1410 3750 1471 3794 tum
1490 3740 1520 3794 id
1535 3739 1664 3795 indicant
1677 3741 1847 3813 dramatum,

1064 3848 1126 3902 quae
1140 3828 1191 3886 Th.
1210 3827 1323 3896 docuit,
1339 3828 1413 3881 tituli
1428 3845 1561 3901 magnam
1572 3839 1682 3901 partem
1697 3829 1847 3900 ejusmodi,

1066 3930 1099 3974 ut
1121 3920 1217 3994 potius
1232 3917 1332 3973 mediae
1353 3936 1437 3990 quarn
1459 3919 1562 3994 veteris
1584 3917 1730 3973 comoediae
1751 3919 1851 3974 subulis

1063 4001 1219 4062 convenire
1229 4005 1390 4061 videantur.
1405 4007 1443 4060 Ex
1458 4006 1514 4060 hoe
1525 4021 1629 4080 genere
1640 4017 1681 4061 est
1690 4004 1760 4062 illud
1771 4008 1850 4079 quod

1067 4095 1096 4149 in
1109 4090 1253 4170 Ἡδυχάρει
1274 4094 1397 4149 Platonis
1415 4092 1577 4166 philosophi
1594 4092 1763 4149 Phaedonem
1777 4095 1852 4149 ridet

1065 4182 1142 4255 apud
1162 4181 1245 4256 Diog.
1258 4184 1353 4237 Laert.
1373 4180 1400 4248 3,
1418 4181 1464 4247 26,
1477 4191 1505 4234 et
1520 4181 1547 4233 in
1564 4182 1670 4235 Nemea
1681 4183 1783 4237 Athen.
1804 4202 1850 4252 ιι,

1068 4298 1095 4352 p.
1113 4285 1185 4350 470,
1201 4275 1579 4346 F,menuoTt1e1·icle0rum
1594 4276 1777 4348 poculorum,
1790 4297 1852 4349 qum

1067 4366 1199 4420 amediae
1214 4365 1326 4420 demum
1349 4362 1495 4418 comoediae
1514 4364 1604 4435 poetis
1626 4379 1853 4418 commemoran-

1069 4464 1124 4507 tur.
1139 4454 1249 4525 lmmo,
1264 4453 1316 4506 nisi
1331 4469 1446 4524 prorsus
1456 4449 1526 4504 fallit
1538 4452 1693 4518 sententia,
1712 4452 1764 4504 Th.
1780 4453 1854 4506 ultra

1069 4542 1176 4614 olymp.
1200 4558 1254 4595 roo
1275 4538 1427 4613 (379-376
1451 4549 1517 4592 onte
1537 4538 1603 4594 Chr.
1616 4541 1694 4613 nat.)
1709 4540 1812 4593 vixisse
1826 4551 1855 4593 et

1069 4631 1177 4686 fabulas
1201 4630 1331 4686 docuisse
1349 4628 1503 4684 censendus
1516 4637 1559 4681 est
1572 4627 1583 4681 ’τ
1608 4646 1634 4680 ν.
1650 4645 1715 4683 ann.
1739 4627 1775 4681 ad
1790 4627 1855 4693 Mi,-

1070 4717 1126 4775 δον.
1140 4743 1152 4766 ι
1167 4720 1191 4772 Ε
1205 4720 1248 4774 Μ.
1257 4715 1380 4775 'Fabulae
1393 4713 1585 4790 septendecim
1598 4714 1789 4789 Theopompo
1803 4717 1855 4803 tri-

1071 4815 1199 4869 buuntur
1219 4814 1255 4868 ab
1271 4817 1422 4884 Anonymo
1442 4814 1484 4867 Dc
1499 4831 1574 4869 eom.
1592 4830 1621 4885 p.
1636 4831 1718 4881 xv11;
1741 4812 1855 4867 oSuida

1072 4922 1140 4957 vero
1150 4914 1178 4957 et
1190 4900 1328 4972 Eudocia,
1339 4909 1475 4972 quattuor
1485 4910 1512 4955 ct
1525 4901 1637 4973 viginti.
1647 4901 1753 4974 Viginti
1764 4900 1852 4954 modo

1073 4992 1168 5045 titulos
1187 4990 1294 5045 invenit
1313 4988 1444 5057 tteinek„
1463 4987 1551 5043 doctu
1575 4990 1641 5043 crisi
1660 4989 1695 5044 de
1716 4990 1750 5043 iis
1768 4988 1854 5044 disse·

1074 5097 1135 5133 rens
1150 5079 1224 5135 llist.
1243 5096 1286 5133 cr.
1300 5077 1381 5132 Com.
1397 5094 1428 5148 p.
1446 5074 1591 5140 αδδ-044.

1344 5212 1366 5269 Ι.
1390 5212 1581 5270 ΑΔΜΙΙἸῸΣ

1115 5346 1216 5401 Athen.
1236 5342 1282 5412 ιδ,
1301 5362 1332 5418 p.
1350 5344 1427 5417 690,
1444 5348 1467 5397 Λ
1487 5364 1493 5395 :
1509 5340 1665 5415 ponponium
1678 5339 1704 5396 δὲ
1719 5343 1763 5396 τοῦ
1779 5360 1859 5414 popo·

1077 5432 1165 5490 πώλου
1196 5428 1302 5501 τούτου,
1319 5432 1364 5486 τοῦ
1380 5427 1517 5504 Πέρωνος,
1531 5429 1576 5483 καὶ
1590 5429 1748 5500 Θεόπομπος
1765 5428 1790 5482 ἐν
1805 5422 1857 5483 ’Λ-

1076 5526 1153 5599 μήτιρ
1166 5516 1212 5576 καί
1225 5516 1367 5596 Ἡδυχάρει
1385 5518 1437 5591 (lr.
1453 5522 1501 5589 1,).
1523 5537 1537 5570 ιι
1553 5521 1593 5572 De
1605 5520 1713 5571 Perone
1731 5535 1859 5588 unguun-

1077 5610 1149 5663 tario
1173 5607 1209 5665 cl.
1236 5606 1445 5661 Anaxandridis
1469 5607 1573 5660 l'rotes.
1598 5624 1624 5659 a.
1651 5604 1690 5659 Ex
1710 5605 1863 5657 sci-mribus

1076 5699 1164 5772 igitur·
1178 5705 1269 5768 poetae
1284 5694 1386 5748 sabulis
1403 5694 1485 5747 fuerit
1499 5693 1644 5747 Admetus.
1658 5694 1701 5745 lle
1715 5692 1770 5745 alio
1785 5692 1861 5766 ίιιιμ-

1077 5796 1191 5851 mento‚
1217 5781 1296 5855 quod
1319 5782 1374 5835 huc
1399 5781 1573 5852 retulerunt,
1598 5799 1628 5833 ι’.
1655 5798 1720 5835 ariri.
1746 5779 1782 5833 ad
1802 5782 1860 5839 lab.

1078 5875 1178 5928 ineert.
1190 5873 1219 5927 6.
1234 5897 1246 5919 ν
1265 5872 1289 5924 F.
1300 5870 1343 5923 M.

1362 6013 1397 6069 ΙΙ.
1421 6011 1575 6069 ΑᾹθᾹΙΑ.

1125 6171 1136 6193 ιι
1153 6146 1185 6198 ln
1196 6144 1251 6197 hoe
1264 6142 1389 6196 dramate
1404 6141 1463 6194 risit
1478 6140 1632 6213 Telamoni,
1647 6149 1762 6213 poetam
1772 6138 1865 6214 dithy-

1082 6231 1254 6298 rambicum‚
1269 6229 1318 6301 qui
1341 6225 1437 6281 floruit
1463 6228 1569 6300 olymp.
1588 6225 1624 6300 95
1647 6225 1721 6301 (399
1744 6258 1783 6269 -
1807 6228 1865 6303 396

1082 6330 1147 6375 ante
1161 6318 1227 6374 Chr.
1249 6312 1347 6388 nat),
1374 6323 1441 6369 teste
1462 6314 1593 6370 Diodoro
1616 6314 1712 6368 Siculo
1734 6319 1780 6382 14,
1801 6319 1861 6380 to':

1083 6405 1206 6479 ἤκμασαν
1221 6401 1248 6459 δὲ
1263 6399 1331 6457 κατὰ
1345 6401 1434 6456 τοῦτον
1448 6399 1493 6458 riv
1506 6398 1621 6458 ίνιιωτδν
1639 6401 1662 6457 ol
1677 6396 1865 6476 ἐπισημότατοι
