4084 8009
265 1552 320 1603 392

335 1686 388 1753 της
409 1677 462 1767 μὲν
479 1676 628 1748 θαλάττης
645 1670 862 1737 ἀντιποιεῖσθαί
881 1697 964 1746 τινας

335 1788 434 1872 ὑμῶν,
451 1779 624 1846 ἀναλίσκειν
648 1802 681 1843 τε
696 1773 798 1842 πολλδι
815 1780 976 1870 χρήματα,

336 1886 410 1976 ὄψου
421 1879 456 1953 δὲ
473 1877 577 1976 μηδὲν.
585 1879 695 1977 μήποτ’
713 1882 846 1950 εἰσπλεῖν
866 1873 944 1975 μηδὲ
957 1892 1019 1975 γρῦ.

335 1992 375 2058 Τί
386 1990 436 2058 οὖν
453 1990 559 2081 ὄφελος
576 1996 637 2055 τῶν
650 1987 820 2080 νησιάρχων
835 1986 900 2052 ἐστί
910 2012 918 2069 ;
929 1977 981 2052 δεῖ

270 2091 308 2165 15
336 2097 1049 2188 νόμῳκατακλεῖσαιτοῦτο,παραπομπήνποιεῖν

337 2211 398 2270 τῶν
411 2201 530 2296 ἰχθύων·
549 2199 609 2265 νυνὶ
625 2192 661 2264 δὲ
679 2199 792 2266 Μάτων
810 2203 991 2291 συνήρπακεν

335 2312 404 2386 τοὺς
423 2310 540 2390 ἁλιέας,
555 2306 607 2372 καὶ
621 2305 786 2398 Διογείτων
802 2308 836 2378 νὴ
853 2303 914 2370 Δία

337 2414 472 2500 άτίαντας
488 2411 687 2477 ἀναπέπεικεν
701 2410 743 2487 ἐἰς
759 2410 847 2475 αὑτὸν
860 2410 955 2501 φέρειν
968 2457 977 2491 ,
991 2415 993 2419 ’

338 2522 391 2584 κού
401 2508 568 2607 δημοτικόν
576 2540 611 2609 γε
622 2523 710 2582 τοῦτο
721 2505 797 2605 δρᾷ,
814 2522 939 2603 τοιαῦτα
956 2518 1048 2603 phem·

267 2646 312 2690 20
336 2624 430 2714 γάμοι
445 2614 476 2687 δ’
489 2624 595 2685 ἐκεῖνοι
611 2619 663 2685 καὶ
674 2620 761 2684 πότοι
778 2619 905 2685 νεανικοὶ

339 2728 424 2801 ἦσαν.

269 2889 357 2943 Versu
381 2903 397 2939 a
416 2885 482 2941 iibri
500 2880 649 2940 σανδάλιον.
670 2882 800 2937 Correxit
823 2883 973 2958 Koppicrs.
989 2882 1052 2937 0b-

267 2993 339 3030 serr.
353 2993 383 3048 p.
400 2972 446 3030 55.
457 2976 489 3030 V.
509 2973 524 3028 3
541 2972 672 3028 Dindorf.
693 2967 869 3046 transposuit
888 2972 957 3045 ἐλογ.
972 2973 1054 3047 quod

268 3062 332 3116 libri
350 3063 430 3118 initio
445 3078 541 3116 versus
558 3060 675 3115 habent.
691 3061 725 3115 V.
743 3056 760 3114 5
775 3058 862 3114 iidem
875 3059 1009 3115 mendose
1023 3057 1051 3117 ἀ.

269 3149 350 3207 πάλαι
360 3148 485 3226 ὀψοφάγοι
492 3145 557 3204 coici
562 3168 636 3211 τινες.
646 3146 762 3203 Jacobs.
772 3156 798 3203 ct
807 3148 893 3205 blein.
905 3144 1053 3203 ποίλαιποτ’

269 3234 477 3313 ἀγοραγίατατοί
486 3256 563 3299 τινες.
574 3228 666 3291 Versu
676 3233 695 3288 θ
707 3232 788 3290 aiiert
798 3235 925 3291 Eustatb.
937 3254 967 3309 p.
983 3234 1053 3304 867,

272 3324 317 3382 38.
336 3327 401 3398 V.9
422 3325 509 3399 vulgo
531 3324 628 3377 hiante
646 3339 728 3377 versu
753 3318 841 3395 ἔλεγον
862 3320 933 3378 τάδε.
963 3324 1056 3377 Minus

270 3422 336 3486 apte
349 3413 440 3483 Duhr.
456 3411 492 3467 ad
508 3411 619 3465 Plutum
633 3408 695 3483 980
712 3406 801 3485 ἔλεγον
812 3408 843 3465 ἂν
856 3432 881 3467 τ.
898 3413 931 3468 V.
953 3410 985 3465 13
1000 3407 1054 3483 μή·

270 3497 328 3558 κοτ’
338 3499 467 3556 additum
479 3518 493 3554 a
505 3497 628 3557 Μοῖσαι.
640 3497 679 3555 ad
689 3497 836 3554 Menarrdr.
846 3517 877 3574 p.
888 3496 952 3557 181.
961 3502 993 3557 V.
1009 3506 1054 3569 14,

270 3589 446 3661 antiquiores
458 3586 544 3643 codd.
555 3586 611 3644 ἔστι
624 3583 656 3654 δή
667 3604 722 3659 pro
732 3585 782 3645 δεῖ.
796 3589 827 3642 V.
843 3586 878 3642 16
893 3590 937 3641 νῦν
950 3583 977 3642 δέ
994 3585 1042 3644 Μά

271 3697 339 3753 τρων
351 3676 451 3745 codd.;
465 3675 588 3730 correxit
602 3674 762 3748 Schweigb.
779 3673 962 3751 Νησιάρχους,
974 3693 1001 3733 ν.
1021 3682 1054 3741 ri,

272 3765 369 3819 insulis
384 3759 522 3839 (Graecis)
536 3766 705 3835 imperantes
720 3761 791 3817 dicit
800 3762 991 3831 Athenienses,
1007 3765 1057 3836 qui

272 3850 383 3925 pridem
405 3850 542 3907 tributum
558 3851 592 3905 iis
606 3850 802 3923 imposuerunt
819 3867 826 3902 ι
844 3867 873 3905 ν.
887 3846 1008 3908 Pausan.
1026 3851 1057 3923 8,

274 3935 323 4008 δα,
340 3958 368 3997 a.
391 3941 434 3995 De
448 3939 564 3994 Marone
585 3936 710 4012 sophista
729 3947 758 3991 et
777 3935 897 3995 lurcone
917 3934 954 3993 ct'.
969 3937 1058 3991 nostri

272 4027 380 4086 Cithae.
399 4045 445 4095 11,
460 4035 488 4082 ct
499 4025 625 4082 Anaxilae
639 4026 763 4082 Monotr.
776 4042 805 4078 a.
823 4025 855 4079 V.
872 4041 905 4092 ¹7
917 4021 1058 4097 Διογείτων

273 4115 365 4188 prima
381 4115 482 4187 longa,
504 4122 537 4167 ut
551 4107 692 4187 Διογένης,
712 4107 815 4188 Διώρης
835 4110 917 4168 liiad.
933 4130 964 4185 a,
987 4098 1055 4168 62'2.

273 4201 397 4258 tteinet.
412 4200 529 4274 conjicit
547 4196 592 4255 καὶ
612 4196 651 4267 δὴ
672 4200 747 4273 Διογ.
763 4202 796 4257 V.
819 4198 855 4254 18
867 4195 984 4263 ἅπαντας
1004 4219 1058 4274 pro

273 4288 373 4352 πάντας
387 4288 552 4346 MuretusV.
563 4288 605 4346 h..
622 4306 668 4362 19,
682 4285 710 4344 3.
722 4290 755 4342 V.
772 4305 806 4361 ¹9
818 4290 933 4344 τοσαῦτα
945 4287 1057 4346 Jacobs.

275 4381 307 4432 V.
324 4397 361 4433 ao
378 4395 385 4434 :
401 4379 452 4431 itta
469 4396 536 4432 vem
554 4378 697 4449 nuptiuiia
710 4380 833 4429 convivio
851 4387 879 4429 et
895 4375 1058 4429 adolescen-

275 4472 342 4520 tium
357 4467 571 4538 cornpottttiortes
584 4459 718 4532 suerunt,
742 4462 773 4520 h.
791 4481 814 4517 e.
827 4463 969 4517 desierunt
980 4464 1060 4515 eric·

274 4554 359 4623 brari,
371 4572 408 4607 ex
422 4572 476 4626 prro
487 4554 531 4606 itte·
544 4553 642 4606 divites
651 4554 745 4607 orinia
757 4551 831 4607 adse
845 4550 955 4606 trudere
966 4569 1061 4625 cirpe-

275 4654 349 4709 rrmt,
370 4652 400 4696 ut
414 4643 539 4696 Muretus
554 4642 766 4714 interpretatur.

520 4811 622 4871 CXiV.
649 4811 818 4871 ttuttttltx.

315 4982 327 5007 ι
354 4957 461 5014 Eodem
486 4959 568 5013 titulo
583 4958 681 5013 dranm
695 4978 783 5030 quum
808 4960 844 5013 ab
870 4959 1059 5033 Aristophane

329 5140 404 5180 snare
412 5123 546 5196 quosdam
558 5138 691 5196 occupare

330 5209 467 5278 vestrum,
480 5211 654 5283 metrumque
665 5211 771 5282 argenti
784 5210 952 5281 impendere,

329 5313 380 5353 nec
390 5305 481 5354 tanren
492 5313 613 5369 unquam
626 5298 735 5370 opsonii
747 5300 845 5354 miram
858 5298 1024 5371 adnavigari.

329 5386 402 5460 Quid
414 5384 599 5457 taruennam
611 5388 707 5442 insutis
721 5388 903 5458 imperantes?

280 5482 311 5531 ta
331 5472 525 5547 promulganda
542 5474 582 5530 Ιεκ
596 5481 652 5541 est,
666 5474 886 5547 utirnportcntm

292 5620 296 5627 ,
334 5565 441 5635 pisces:
454 5579 529 5619 nunc
542 5579 605 5619 vero
619 5566 713 5619 Meton
724 5563 846 5635 abripere
859 5563 928 5619 sotet

330 5651 491 5720 piscatores,
505 5657 533 5707 et
551 5650 680 5720 biugiton
695 5654 852 5721 pertovent
868 5652 901 5705 iis

333 5736 481 5806 persuasit,
497 5743 528 5793 ut
544 5751 640 5793 omues
652 5735 703 5791 sibi
716 5734 847 5800 atterant,

334 5840 387 5877 uon
400 5823 522 5895 populari
533 5822 642 5893 quidem
651 5821 784 5893 consiho,
797 5830 828 5877 ut
840 5825 942 5892 garrit;

282 5917 317 5964 tt)
335 5912 438 5980 nuptiae
452 5917 543 5966 autem
557 5909 609 5965 iiim
620 5917 648 5965 et
657 5909 789 5979 iuveniles
803 5911 1019 5980 compotationes

332 5997 451 6053 tuerent.

609 6085 741 6138 coasts,

369 6171 780 6226 -Mmmmmmmmmt

335 6258 480 6330 tragedia,
495 6258 629 6329 siquidem
642 6259 759 6329 primum
773 6267 937 6330 argttmenta

336 6343 534 6416 spectatoribus
546 6352 610 6400 nota
621 6354 685 6401 suut
697 6390 702 6402 .

771 1536 909 1597 ttttbtAE
935 1532 1138 1596 OOMOEDiAE
1159 1531 1369 1603 auctuum.

1089 1666 1223 1739 scriptum
1248 1682 1304 1719 esse
1337 1665 1508 1718 meminisset
1533 1664 1664 1731 casaub,
1690 1663 1751 1735 ejus
1774 1682 1880 1720 nomen

1091 1753 1169 1828 apud
1194 1754 1360 1811 Athenaeum
1394 1754 1503 1808 restitui
1528 1752 1636 1827 voluit,
1663 1771 1723 1808 non
1745 1764 1883 1826 reputans

1092 1842 1140 1897 iile
1160 1842 1207 1896 htc
1221 1850 1460 1896 commemoratos
1475 1840 1653 1897 Chremetem
1666 1848 1695 1897 et
1709 1840 1881 1911 Phidouem,

1092 1949 1165 2004 quos
1178 1931 1296 2003 antiqua
1310 1929 1450 1986 eomoedia
1471 1931 1620 2004 ignorat.»
1646 1930 1672 1983 Ε
1686 1930 1729 1987 Μ.
1746 1928 1828 1985 Idem
1845 1930 1883 1985 ad

1092 2036 1188 2074 versus
1215 2035 1328 2088 17·aa:
1354 2016 1525 2073 uComoedia
1538 2034 1629 2091 quum
1651 2026 1774 2072 veterem
1793 2014 1882 2073 licen·

1093 2107 1162 2161 tiam
1173 2105 1307 2160 inclinata
1326 2105 1427 2179 populi
1446 2104 1576 2160 libertate
1597 2105 1671 2160 tueri
1686 2104 1810 2180 amplius
1824 2124 1883 2160 ιιοιι

1094 2201 1203 2266 posset,
1218 2191 1303 2247 aliam
1315 2192 1533 2266 circurmpicere
1547 2192 1648 2248 debuit
1659 2191 1810 2249 cavillandi
1823 2193 1882 2248 for·

1096 2272 1170 2335 mani
1180 2322 1189 2354 ,
1198 2298 1261 2353 quae
1270 2278 1341 2334 nihil
1356 2279 1490 2350 haberet,
1502 2278 1583 2354 quod
1598 2281 1627 2334 in
1641 2279 1803 2354 potentium
1814 2289 1884 2335 tune

1096 2367 1243 2422 hominum
1265 2366 1513 2440 reprehensionem
1534 2367 1705 2423 incurreret.
1728 2367 1885 2441 Angustio-

1096 2454 1177 2510 ribus
1190 2454 1276 2530 igitur
1290 2451 1394 2509 finibus
1414 2453 1629 2527 circumscripta
1646 2452 1826 2528 singulorum
1842 2454 1879 2509 ir-

1097 2544 1212 2614 risione,
1227 2543 1335 2599 Comici
1350 2543 1423 2599 hanc
1436 2543 1494 2600 fere
1510 2544 1650 2599 rationem
1661 2528 1825 2612 tenuerunt,
1841 2546 1884 2611 ut,

1097 2630 1197 2687 eadem
1208 2631 1276 2687 vitia
1284 2632 1429 2701 insectati,
1440 2629 1709 2707 generales'morum
1719 2628 1886 2703 descriptio·

1098 2738 1147 2776 nes
1159 2718 1325 2776 exhiberent
1342 2730 1370 2776 et
1387 2717 1461 2775 fictis
1479 2721 1648 2793 pierumque
1667 2718 1832 2774 nominibus
1843 2719 1887 2773 Ιυ-

1099 2807 1200 2864 decent
1217 2833 1228 2858 υ
1248 2818 1301 2864 etc.

1139 2896 1241 2952 Athen.
1261 2895 1290 2967 6,
1300 2915 1331 2972 p.
1349 2914 1418 2967 aaa,
1435 2902 1457 2953 A
1479 2914 1485 2949 ι
1505 2892 1689 2970 θπομνήσομεν
1704 2891 1737 2952 εδ
1754 2892 1816 2972 παρ’
1831 2891 1888 2953 'Ae-

1100 2982 1202 3061 τιράνει
1213 2982 1340 3060 λεγόμενα
1356 2985 1383 3041 ἰν
1398 2981 1507 3053 [lerion
1518 2980 1591 3040 τόνδε
1606 2981 1651 3039 τδν
1663 2980 1766 3061 τρόπον·
1879 2971 1888 2980 ’

1198 3175 1245 3185 -
1255 3134 1409 3228 Μακάριόν
1421 3137 1502 3201 ἐστιν
1516 3141 1535 3208 η
1553 3126 1708 3229 τραγῳδία

1132 3330 1134 3334 ,
1174 3242 1292 3333 ποίημα
1304 3240 1383 3309 κατὰ
1400 3237 1505 3325 πάντ’,
1532 3239 1606 3334 εἴγε
1622 3248 1739 3334 πρῶτον
1753 3241 1782 3306 οῖ
1799 3241 1888 3332 λόγοι

1090 3403 1092 3408 .
1174 3348 1231 3413 ὑπὸ
1247 3357 1308 3414 τῶν
1323 3348 1438 3414 θεατῶν
1454 3347 1528 3412 εἰσιν
1544 3349 1774 3440 ἐγνωρισμένοι,

1175 3454 1241 3548 πρὶν
1255 3458 1305 3520 καί
1325 3450 1384 3521 τιν’
1399 3457 1507 3539 εἰπεῖν,
1526 3450 1597 3520 ὥσθ’
1613 3459 1785 3545 ὑπομνῆσαι
1801 3452 1890 3546 μόνον

1104 3554 1124 3626 5
1176 3551 1227 3625 δεῖ
1238 3561 1290 3626 τὸν
1309 3562 1449 3634 ποιητήν.
1466 3552 1613 3627 Οἰδίπουν
1627 3557 1683 3653 γάρ
1702 3556 1783 3652 ἀνγε
1805 3571 1864 3652 pei,

1177 3662 1254 3757 (οἱ)
1268 3663 1370 3732 τᾶλλα
1386 3663 1476 3734 πάντ’
1500 3666 1608 3733 ἴσασιν·
1630 3672 1646 3731 ὁ
1662 3673 1762 3759 πατὴρ
1780 3668 1888 3750 Λάϊος,

1178 3778 1276 3864 μήτηρ
1294 3767 1442 3854 ίοκάστη,
1462 3773 1636 3865 θυγατέρες,
1653 3764 1760 3850 παῖδες
1774 3769 1864 3855 τίνες,

1175 3878 1207 3946 τί
1229 3873 1343 3946 πείσεθ’
1362 3878 1467 3964 οὗτος,
1483 3880 1517 3948 τί
1536 3880 1723 3958 πεποίηκας
1744 3874 1779 3945 ἀν
1797 3879 1891 3946 πάλιν

1178 3974 1248 4078 einp
1267 4011 1313 4061 τις
1332 3980 1538 4076 Ᾰλκμαίωνα,
1555 3986 1606 4052 καὶ
1624 3984 1664 4053 τδι
1682 3977 1795 4076 παιδία

1112 4114 1152 4159 tu
1179 4085 1268 4156 πάντ’
1281 4090 1361 4165 εὐθὺς
1378 4085 1490 4183 εἴρηχ’,
1509 4092 1556 4156 ότι
1574 4088 1676 4181 μανεὶς
1693 4090 1857 4154 ἀπόκτονεν

1177 4199 1232 4270 τήν
1249 4189 1366 4288 μητέρ’,
1383 4196 1559 4288 ἀγανακτῶν
1573 4186 1593 4260 δ
1597 4192 1604 4209 ’
1621 4185 1773 4287 Ᾰδραστος
1788 4194 1891 4269 εὐθέως

1178 4302 1257 4387 ἥξει,
1277 4304 1371 4368 πάλιν
1386 4298 1416 4369 τ’
1436 4300 1541 4368 ἀπεισι
1546 4354 1615 4371 ......

1180 4403 1285 4489 ἔπειθ’,
1301 4408 1371 4473 ὅταν
1385 4399 1480 4498 μηδέν
1494 4405 1568 4499 (γε)
1579 4397 1703 4472 δύνωντ’
1721 4406 1816 4470 εἰπεῖν
1830 4407 1891 4487 ἔτι,

1179 4504 1291 4603 κομιδῇ
1303 4503 1334 4575 δ’
1352 4513 1554 4604 ἀπειρήκωσιν
1566 4514 1597 4576 ἐν
1611 4519 1675 4586 τοῖς
1692 4504 1856 4602 δράμασιν,

1115 4612 1153 4681 15
1180 4616 1323 4708 αἴρουσιν,
1345 4621 1444 4709 ὥσπερ
1459 4610 1624 4699 δάκτυλον,
1640 4620 1694 4689 τὴν
1717 4621 1869 4708 μηχανὴν,

1181 4722 1307 4798 καὶτοῖς
1323 4724 1514 4814 θεωμένοισιν
1531 4724 1732 4815 ἀποχρώντως
1753 4725 1828 4813 ἔχει.

1179 4821 1303 4919 ίιμῖνδὲ
1319 4825 1404 4896 ταῦτ’
1422 4830 1594 4913 οὐκέστιν,
1614 4824 1686 4894 ἀλλ’
1705 4828 1826 4892 ἅπαντα
1846 4823 1893 4894 δεῖ

1182 4940 1294 5026 εὑρεῖν,
1320 4935 1453 5025 ὀνόματα
1473 4933 1582 5015 καινδι,
1601 4932 1641 5000 τδι
1655 4926 1848 5022 διῳκημένα

1163 5127 1320 5198 priusquam
1334 5124 1435 5197 aliquis
1446 5133 1571 5194 enarret,
1590 5132 1621 5179 ut
1633 5124 1894 5180 commemoratione

1108 5219 1124 5267 5
1163 5211 1243 5267 ιιιοιΙο
1256 5221 1333 5282 poeta
1352 5210 1480 5283 indigeat.
1492 5214 1562 5267 Nam
1575 5209 1714 5282 Otldipum
1727 5209 1749 5263 si
1766 5208 1893 5271 nourino,

1164 5300 1200 5355 iiii
1215 5309 1303 5356 cetera
1313 5301 1404 5355 omnia
1415 5300 1507 5355 sciunt
1519 5296 1600 5370 :quid
1617 5298 1703 5368 egerit
1713 5304 1787 5369 pater
1799 5296 1892 5368 bajus,

1164 5396 1249 5443 mater
1259 5391 1380 5455 Iocaste,
1395 5387 1473 5453 sitim,
1486 5387 1532 5441 titii
1546 5387 1592 5458 qui
1607 5386 1722 5452 tuerint,

1161 5473 1228 5547 quid
1241 5473 1478 5547 praesumentum,
1489 5474 1554 5545 quid
1568 5474 1680 5529 iecerit?
1693 5490 1786 5529 rursus
1796 5476 1819 5529 si
1834 5475 1895 5544 (pris

1161 5562 1228 5617 dicit
1241 5561 1443 5628 Alcmaeonem,
1454 5561 1494 5616 vei
1506 5560 1582 5632 pueri
1593 5575 1689 5617 omnes
1699 5562 1831 5617 continuo

1112 5657 1143 5705 10
1161 5649 1295 5713 clamant,
1310 5649 1440 5704 insanum
1453 5664 1517 5704 eum
1532 5648 1699 5705 interfecisse

1162 5743 1292 5803 matrem,
1308 5733 1463 5805 indignatus
1475 5751 1539 5792 vero
1553 5735 1683 5793 Adrastus

1161 5824 1254 5879 subito
1263 5822 1367 5889 aderit,
1379 5830 1407 5877 et
1421 5838 1514 5878 rursus
1529 5824 1615 5879 abibit
1618 5863 1686 5878 ......

1162 5910 1241 5974 dein,
1258 5909 1281 5965 si
1291 5907 1360 5964 nihii
1372 5915 1502 5977 praeterea
1514 5909 1660 5964 dicendum
1677 5908 1787 5968 balent,

1161 6006 1188 6053 et
1203 5996 1377 6053 vetremener
1388 5994 1513 6051 laborant

1114 6094 1144 6143 15
1161 6086 1294 6142 extoltunt
1310 6086 1339 6140 iu
1353 6084 1461 6150 tabuiis,
1474 6091 1505 6139 ιιι
1514 6083 1647 6153 digitum,
1665 6080 1829 6136 rnaebinam.

1163 6172 1244 6243 idque
1256 6169 1455 6242 spectatoribus
1469 6167 1585 6224 suiticit.

1163 6259 1248 6313 Nobis
1261 6268 1353 6313 autem
1367 6259 1406 6312 sic
1416 6272 1495 6329 agere
1506 6272 1561 6311 nou
1575 6256 1644 6321 iicet,
1657 6253 1703 6308 sed
1716 6270 1808 6307 utttttta

1086 6373 1089 6404 ι
1164 6345 1325 6402 invenienda
1338 6354 1417 6411 suut,
1430 6345 1545 6400 nomina
1560 6361 1643 6406 nora,
1658 6344 1731 6413 prim
