4084 8009
917 1510 1121 1573 sutrinus,

213 1648 248 1709 εἶς
258 1643 393 1716 libamina
406 1642 431 1702 οῗ
444 1666 504 1701 ποτε
521 1641 607 1720 λοιγὸν
621 1641 772 1718 ἀμύναιντο,
795 1671 805 1689 υ
824 1645 891 1714 Quae
906 1645 943 1696 ila
960 1645 991 1697 in
1016 1652 1021 1689 t
1110 1634 1115 1639 ’
1140 1646 1180 1710 Εἰ
1195 1643 1245 1734 (s,
1263 1648 1304 1711 Οἱ
1319 1645 1331 1736 γ
1348 1646 1510 1723 Διονυσίοις

214 1734 368 1807 dactylicos
378 1749 512 1788 numeros
522 1731 636 1805 digessit
644 1731 729 1788 Mein.
748 1750 754 1783 :

263 1847 376 1922 Αὐτοὺς
394 1837 568 1911 ἐπαίδευσεν
583 1843 685 1936 ἔθρεψέ
696 1858 729 1909 τε
747 1837 938 1935 δημοσίοισιν

260 1955 413 2043 χρήμασιν
436 1951 476 2026 εἰς
499 1944 584 2028 tior.
608 1952 656 2015 ἵνα
673 1951 703 2015 οἵ
715 1975 788 2015 ποτε

163 2080 166 2088 ’
260 2061 362 2148 λοιγὸν
378 2055 541 2147 άμύναιντ’.

213 2187 268 2241 Alii
284 2185 494 2240 choriambicos
512 2202 647 2240 numeros
660 2184 857 2258 praetulerunt.
879 2183 952 2243 Cod.
973 2184 998 2241 Α

213 2270 350 2348 ἀμύναιτο,
363 2273 450 2329 ceteri
461 2268 585 2347 ἀμύναιο.
601 2272 783 2346 «Sophocles
793 2272 835 2329 El.
853 2278 906 2337 il:
923 2269 997 2337 κάξε·
1060 2313 1062 2316 -

213 2358 349 2439 θρεψάμην
362 2357 462 2417 τοσόνδ’
478 2360 503 2425 ἐς
517 2356 600 2430 ἥόης,
615 2358 697 2435 πατρὶ
711 2357 825 2437 τιμωρὸν
840 2356 929 2437 φόνου.
945 2362 998 2416 Di-

213 2461 317 2505 cuntur
330 2451 390 2505 haec
409 2449 447 2505 de
467 2451 579 2525 potenti
603 2450 700 2522 aliquo
725 2450 805 2518 viro,
830 2450 880 2522 qui
901 2450 998 2506 nescio

213 2557 286 2613 quos
304 2539 427 2612 pecunia
446 2535 582 2612 publica,
601 2556 688 2611 quarn
706 2537 778 2593 mala
795 2536 893 2593 fraude
908 2538 999 2593 inter-

211 2637 350 2696 venerat,
370 2626 490 2682 alendos
509 2628 668 2695 curaverit,
681 2638 714 2681 ut
732 2627 786 2680 viri
804 2625 873 2681 l'acti
897 2628 999 2701 capitis

211 2717 371 2789 periculum
386 2716 438 2790 ipsi
454 2715 665 2789 depellerent.»
684 2717 775 2771 Mein.

592 2829 620 2886 3.

252 2940 332 2995 ldem
344 2952 370 2996 et
382 2941 509 3013 photius,
525 2937 570 2997 Τθ
588 2935 692 3015 παρὸν
706 2926 739 2993 εύ
753 2937 866 2993 ποιεῖν
884 2957 889 2991 ;
907 2957 999 3013 παραι·

214 3024 272 3099 μία.
283 3025 396 3084 Πλάτων
412 3024 509 3104 Γοργίᾳ
531 3024 581 3101 (p.
601 3032 671 3098 499,
684 3022 722 3094 C)
746 3048 758 3072 υ
774 3022 837 3094 Καὶ,
851 3024 886 3087 ὡς
907 3022 1000 3091 ἔοικεν,

215 3112 317 3188 ἀνάγκη
334 3135 395 3188 μοι,
416 3112 485 3170 κατὰ
507 3111 550 3171 τὸν
574 3110 688 3168 παλαιδν
707 3110 800 3187 λόγον,
823 3110 854 3168 τδ
865 3110 950 3189 παρὸν
972 3102 1000 3167 ιθ

214 3208 307 3259 ποιεῖν.
325 3229 336 3252 ν
354 3204 409 3280 Κρ.
423 3199 541 3279 Πυλαία·

263 3310 377 3411 λνδρας
393 3319 500 3407 σοροὺς
514 3322 570 3411 χρὴ
593 3319 628 3383 τὸ
644 3318 738 3409 παρὸν
752 3321 879 3409 πρᾶγμα
901 3325 1000 3395 καλῶς

656 3423 696 3499 εἰς
710 3415 838 3513 δύναμιν
855 3422 999 3491 τίθεσθαι.

216 3553 332 3629 Πρᾶγμα
342 3594 350 3622 ,
361 3552 442 3625 quod
456 3532 548 3607 metro
559 3554 708 3627 congruit,
724 3552 807 3609 Phor.
820 3573 850 3627 p.
867 3551 936 3625 595,
952 3559 998 3622 ιθ,

214 3660 267 3715 pro
278 3637 378 3717 πρᾶγμ’
388 3642 422 3704 ὡς
437 3640 540 3695 Suidae.

216 3746 217 3751 ,
594 3743 620 3801 4·

254 3848 349 3902 Schol.
363 3850 435 3907 Plat.
447 3847 566 3905 Bekker.
580 3866 609 3922 p.
628 3846 685 3902 320
701 3867 707 3900 :
721 3844 806 3923 τρύπα
820 3824 842 3903 θ’
853 3845 923 3904 ἐστὶν
937 3851 954 3919 ἡ
967 3849 1002 3915 είς

216 3935 320 4011 βόθυνον
331 3936 361 3992 ἐκ
375 3921 554 4010 διαστήματός
568 3932 645 4013 βολή.
661 3934 711 4012 Κρ.
728 3935 754 3991 ἐν
772 3936 809 3994 Π.

265 4041 291 4137 li
325 4051 484 4129 Διονυσίοις
518 4053 639 4129 ἀκύλοις
670 4047 824 4136 παίζουσ,
861 4054 1001 4146 ἀναμένει

891 4162 1000 4253 τρύπα.

216 4290 307 4364 Vulgo
327 4289 458 4365 ἀνέμενοι.
473 4293 564 4346 lmmo
582 4289 718 4364 ἀναμένει,
734 4305 838 4359 manet,
857 4304 1002 4367 exspectat

218 4379 340 4453 (lusores
351 4380 394 4435 vel
406 4378 606 4455 spectatores).
621 4381 703 4440 lliad.
720 4379 766 4450 15,
780 4380 835 4437 363
845 4398 852 4438 :
863 4378 943 4437 Ἀλλὰ
956 4380 1001 4438 καὶ

216 4462 250 4530 ὣς
265 4464 401 4541 ἀνέμιμνε.
425 4467 572 4540 AEschylus
588 4467 671 4523 lium.
690 4468 747 4535 230
763 4488 768 4521 :
791 4468 915 4541 ἀναμενῶ
929 4466 1002 4535 τελος

217 4551 299 4622 δίκης.
314 4558 417 4611 Versus
432 4566 554 4628 asynart.
570 4552 707 4632 τρίκωλος,
720 4566 863 4629 anapaesto
877 4556 1001 4612 dimetro

217 4641 330 4696 duobus
344 4643 484 4697 dochmiis
498 4645 615 4710 inserto,
629 4646 674 4698 cui
689 4646 786 4717 generi
798 4645 902 4699 similes
922 4646 1000 4701 inve·

216 4729 279 4784 nias
293 4730 370 4803 apud
385 4729 545 4799 (lemnum,
564 4732 741 4804 AEschylum‚
761 4732 943 4806 Sophoclem.
959 4735 1002 4789 De

215 4816 270 4871 hoc
283 4817 361 4886 ludo,
372 4836 457 4891 quern
468 4820 553 4874 etiarn
561 4818 586 4884 ἐς
597 4815 701 4895 βόθυνον
711 4827 814 4873 vocant
827 4816 871 4895 (v.
886 4817 999 4897 Seriph.

215 4904 249 4961 ir.
262 4901 302 4979 γ),
314 4905 416 4961 Pollux
430 4928 457 4978 7,
471 4905 523 4962 103
534 4926 543 4980 q
557 4909 575 4977 ἡ
587 4905 614 4962 δὲ
625 4904 708 4981 τρόπα
719 4903 811 4962 παιδιθι
824 4903 939 4981 γίγνεται
954 4903 1001 4982 μὲν

214 4991 251 5056 ύις
260 4989 289 5048 ιδ
302 4990 368 5049 πολύ
377 4991 411 5050 δι’
423 4991 596 5072 ἀστραγάλων
606 5014 618 5068 ,·
629 4991 672 5059 οθς
685 4990 818 5073 ἀφιέμενοι
830 4992 1001 5071 στοχάζονται
1107 5032 1114 5054 ι

217 5081 309 5158 βόθρου
325 5080 409 5156 τινὸς,
423 5080 606 5160 εἷςιύπυθοχὴν
622 5084 669 5152 τῆς
684 5080 806 5153 τοιαύτης
829 5080 924 5160 ῥίψεως
947 5080 1001 5150 ἐξε-

215 5166 322 5237 πίτηδες
344 5168 531 5245 πεποιημένου.
559 5168 686 5235 πολλάκις
705 5168 732 5227 δὲ
749 5169 794 5227 καί
820 5167 926 5235 ἀκύλοις
957 5170 1001 5227 καί

217 5255 339 5330 βαλάνοις
354 5258 508 5332 (castaneis
523 5280 529 5313 ι
549 5280 578 5314 ν.
592 5258 692 5332 Odyss.
715 5279 762 5328 10,
780 5260 858 5335 νην)
874 5258 931 5315 ἀντὶ
950 5262 1001 5315 τῶν

216 5343 389 5421 ἀστραγάλων
402 5347 426 5401 οἱ
437 5344 569 5423 ῥίπτοντες
579 5347 703 5424 ἐχρῶντο.
716 5346 835 5403 Plotius
844 5368 873 5422 p.
889 5349 959 5416 606,
972 5350 1000 5415 8,

215 5430 323 5509 τρίται
348 5429 390 5488 δεδι
414 5433 587 5510 ἀστραγάλων
602 5431 706 5492 παιδιά.
736 5433 872 5490 Martialis
889 5444 918 5507 Α,
945 5445 1001 5503 ιθε

216 5525 252 5575 Et
267 5525 338 5577 Indi!
355 5536 434 5596 tropa
455 5530 588 5596 nequiore
602 5527 672 5579 tolo.
697 5525 827 5581 Ceterum
842 5517 1002 5580 hicinekius

217 5612 351 5666 iambicos
363 5613 485 5685 praetulit
503 5633 508 5665 :
533 5683 537 5691 .

218 5862 578 5936 llloseducavitnutriitque

216 5948 325 6022 puhlico
335 5958 446 6023 sumptu
456 5948 490 6005 ad
507 5949 677 6021 pubertatem
690 5968 787 6024 usque,

215 6045 246 6092 ut
259 6036 425 6109 depellerent
436 6036 487 6092 sibi
502 6036 649 6109 aliquando
661 6038 815 6110 perniciem.

317 6132 318 6135 ’
597 6130 623 6178 θ.

216 6208 296 6264 Viros
307 6210 441 6281 sapientes
452 6208 529 6265 decet
547 6224 606 6264 rem
622 6218 783 6283 presentem
793 6210 863 6266 bene
877 6227 926 6281 pro
937 6211 999 6268 viri·
1020 6219 1021 6222 ’

721 6296 791 6364 [bus
803 6296 1000 6354 administrare.

1092 1751 1212 1825 ἀκύλοις
1228 1749 1275 1814 ἀεὶ
1290 1744 1426 1827 παίζουσ
1443 1751 1592 1842 ἀνειμένοι
1608 1752 1721 1842 τρύπα.

1423 1879 1450 1934 5.

1083 1993 1179 2050 Schol.
1194 1994 1337 2068 Aristoph.
1351 1996 1417 2053 Pac.
1435 1993 1491 2064 733
1508 2013 1514 2048 :
1531 1993 1581 2071 Κρ.
1598 1991 1626 2049 δὲ
1638 1995 1664 2049 ἐν
1675 1995 1709 2071 τῇ
1723 1993 1830 2070 Πυλαία

1044 2080 1136 2153 δηλοῖ,
1149 2078 1188 2137 ὅτι
1207 2079 1302 2145 ἕξέστι
1320 2079 1385 2157 ζυγὰ
1401 2084 1447 2137 τοῦ
1460 2085 1552 2161 χοροῦ.
1569 2106 1581 2133 ι
1598 2083 1746 2141 Comicurn
1761 2083 1830 2139 cho·
1943 2138 1945 2142 ,

1044 2189 1107 2224 rum
1118 2170 1197 2226 dicit.
1214 2173 1247 2225 V.
1266 2172 1375 2227 Pollae.
1391 2179 1420 2239 l..
1439 2190 1503 2246 ¹⁰9·
1524 2196 1537 2222 υ
1554 2174 1598 2232 M.

1423 2285 1453 2343 6·
1477 2306 1483 2317 ,

1085 2396 1164 2451 Idem
1176 2400 1229 2453 Αν.
1256 2416 1325 2465 ιαι,
1349 2392 1489 2473 εύερονι
1513 2387 1566 2454 οἷον
1586 2396 1727 2472 μαλακὴν,
1743 2397 1832 2478 ὥσπερ

1045 2480 1154 2561 σισύραν
1168 2482 1276 2562 εύὲριον.
1294 2482 1442 2544 Πλάτων...
1455 2486 1561 2562 Κρ.,Π.

1095 2608 1239 2668 Γλῶσσαν
1263 2603 1365 2696 εθέρων
1377 2604 1491 2687 βοτῶν.

1047 2727 1117 2805 λέγει
1140 2728 1167 2787 δὲ
1185 2729 1245 2807 περὶ
1264 2733 1314 2787 τῶν
1340 2728 1493 2807 προόάτων.
1514 2731 1615 2788 Suidas
1642 2732 1672 2792 h.
1695 2754 1723 2789 v.
1741 2734 1833 2789 habet

1022 2832 1025 2893 γ
1048 2815 1151 2894 εὐίραν.

1427 2918 1454 2966 7.

1088 3006 1168 3062 ldem
1187 3010 1241 3063 Αν.
1262 3008 1342 3078 766:
1368 3004 1441 3064 ούδίν
1464 3004 1543 3086 σαφὲς
1565 3006 1661 3085 ἔχομεν
1677 3010 1769 3079 εἰπεῖν,
1788 3008 1827 3076 τίς

1048 3094 1062 3148 θ
1076 3091 1219 3167 Πισίου,
1242 3092 1301 3153 ούτε
1315 3094 1375 3174 περὶ
1394 3097 1441 3164 τῆς
1457 3093 1606 3172 προδοσίας·
1618 3093 1658 3153 ότι
1671 3096 1698 3153 δὲ
1712 3099 1763 3153 τῶν
1775 3097 1835 3155 λίαν

1048 3182 1169 3258 πονηρῶν
1180 3182 1251 3253 ἐστι,
1266 3182 1340 3252 δηλοῖ
1354 3184 1405 3261 Κρ.
1418 3183 1445 3238 ἐν
1460 3180 1588 3262 Χείρωσι,
1605 3182 1737 3250 Πυλαίαις
1751 3184 1835 3263 (sicl,

960 3259 967 3270 ⁸
1047 3265 1156 3344 Ὥραις.
1172 3267 1213 3338 εἴη
1226 3260 1250 3327 δ’
1269 3270 1299 3327 άν
1312 3291 1337 3326 τι
1351 3265 1552 3346 συμπεπραχὼς
1566 3270 1617 3335 τοῖς
1632 3269 1836 3350 Ἑρμοκοπίδαις

1048 3358 1062 3413 θ
1079 3355 1184 3415 Πισίου.
1428 3438 1445 3493 8

1088 3553 1230 3608 Maximus
1245 3554 1275 3607 in
1286 3554 1454 3627 Dionysium
1469 3558 1612 3629 Areopag.
1635 3555 1722 3629 Epist.
1737 3553 1767 3625 8,
1779 3556 1836 3612 vol.
1951 3564 1953 3566 ’

1051 3659 1078 3708 2,
1103 3660 1133 3715 p.
1161 3640 1218 3695 318
1244 3661 1250 3696 :
1275 3639 1423 3719 Προτέλεια
1443 3638 1552 3698 ἐκάλουν
1565 3640 1696 3712 Ἀθηναῖοι
1717 3639 1763 3707 τύις
1785 3644 1837 3702 τῶν

931 3751 934 3755 ·
1049 3725 1142 3801 γάμων
1161 3725 1229 3803 μετὰ
1248 3730 1300 3784 τῶν
1322 3729 1415 3785 θυσιῶν
1430 3726 1520 3806 εὐχάς.
1535 3728 1578 3785 τὸν
1598 3727 1649 3809 γάρ
1666 3728 1751 3807 γάμον
1766 3728 1838 3795 τίλας

1050 3814 1175 3886 ἐκάλουν,
1189 3818 1224 3880 ὡς
1241 3816 1390 3873 τελειοῦντα
1405 3815 1468 3894 πρὸς
1484 3815 1527 3873 τὸν
1547 3815 1603 3894 βίον
1621 3816 1665 3875 τὸν
1684 3815 1836 3895 ἄνθρωπον.

1051 3902 1097 3960 καί
1110 3907 1186 3962 τοῦτο
1201 3904 1231 3961 ἐκ
1245 3904 1350 3961 πολλῶν
1364 3903 1504 3982 κωμῳδίας
1520 3907 1635 3975 ποιητῶν
1648 3903 1779 3961 δεικνύναι
1794 3904 1838 3961 δυ·

1050 3989 1181 4050 νατόν....
1209 3989 1298 4067 ἔλεγον
1319 3989 1347 4048 'dl
1368 3989 1631 4069 προτελίζεσθαι
1653 3990 1699 4048 καί
1719 3990 1749 4048 τό
1772 4013 1837 4068 προ·

1052 4081 1174 4155 μυεῖσθαι
1183 4078 1228 4136 καὶ
1237 4075 1457 4157 προκαθαίρεσθαι
1468 4080 1503 4144 εἰς
1511 4078 1665 4154 ἑτοιμασίαν
1676 4079 1837 4157 μυστηρίων,

1050 4170 1085 4233 ὡς
1111 4168 1162 4245 Κρ.
1187 4168 1263 4239 δηλοῖ
1287 4167 1371 4242 (libri
1396 4164 1517 4243 δηλαδὴ)
1535 4169 1562 4224 ἐν
1583 4167 1689 4246 Πυλαία
1712 4167 1837 4245 δράματι.

1049 4258 1137 4312 Recte
1159 4258 1246 4323 Mein.
1267 4252 1406 4332 προτέλεια
1424 4276 1479 4331 pro
1505 4254 1669 4334 προτελείας,
1689 4256 1838 4313 τελειοῦντα

1049 4364 1103 4418 pro
1118 4345 1232 4401 τελειοῦν
1245 4340 1288 4402 τά.
1304 4346 1326 4400 F
1328 4356 1388 4402 ort.
1406 4344 1481 4413 δηλοῖ
1495 4343 1537 4411 δή.

1429 4484 1458 4537 9.

1089 4576 1184 4631 Schol.
1201 4573 1273 4630 Pur.
1291 4576 1410 4632 Belrker.
1426 4596 1456 4650 p.
1476 4575 1531 4648 393
1553 4592 1561 4632 ε
1581 4574 1712 4650 παροιμία
1728 4602 1740 4626 ι
1756 4577 1838 4634 αύτσ

1050 4659 1152 4727 δείξει
1168 4689 1179 4711 ι
1197 4661 1304 4719 ἐπὶτῶν
1317 4660 1498 4719 ἀπιστούντων
1512 4684 1537 4718 τι
1548 4659 1585 4736 μὴ
1599 4661 1725 4738 γίνεσθαι·
1738 4662 1839 4739 μέμνη-

1050 4749 1126 4806 παιδ’
1139 4751 1220 4819 αὐτῆς
1234 4754 1285 4827 Κρ.
1306 4751 1331 4806 ἐν
1344 4751 1379 4807 Π.

1422 4849 1467 4888 ιο.

1090 4949 1281 5003 Antiatticista
1295 4968 1323 5022 p.
1342 4946 1409 5014 105,
1432 4946 1487 5026 αδ,
1503 4945 1704 5024 κορωνιδεύς
1729 4950 1766 5004 ;θ
1788 4949 1835 5019 τῆς

1050 5057 1165 5112 κορωνης
1178 5033 1291 5100 νεοσσός.
1309 5037 1360 5109 Κρ.
1377 5035 1413 5093 Π.

1091 5264 1212 5337 Hesych.
1236 5264 1395 5339 Ιόργῶπιςι
1419 5263 1471 5339 Κρ.
1492 5262 1518 5317 ἔν
1539 5263 1578 5321 Π.
1591 5262 1687 5336 λίμνην
1707 5260 1785 5339 φασὶν
1810 5262 1836 5317 ἐν

1055 5348 1184 5428 Κορίνθῳ,
1198 5346 1332 5427 εἰληφέναι
1343 5347 1369 5406 δὲ
1383 5347 1496 5422 τοῦνομα
1512 5347 1554 5405 td
1561 5348 1591 5406 τὸ
1604 5349 1705 5427 Γόργην
1713 5351 1837 5423 ἐμπεσεῖν

1052 5440 1087 5502 εἷς
1099 5436 1191 5506 αὐτήν.
1210 5439 1346 5514 «Frustra
1362 5440 1511 5512 corrigunt
1527 5433 1619 5513 Γοργὼ
1632 5439 1676 5491 vel
1695 5435 1811 5513 Γοργόνα
1829 5457 1834 5489 :

1053 5545 1146 5599 neque
1160 5528 1261 5581 euima
1273 5525 1419 5598 Gorgone,
1432 5524 1481 5579 sed
1492 5543 1507 5579 a
1517 5525 1622 5597 Gorge,
1639 5525 1760 5598 Megarei
1769 5522 1837 5592 filia,

1053 5613 1183 5672 Corinthi
1204 5631 1305 5679 uxore,
1329 5619 1434 5666 nornen
1459 5612 1572 5667 duxisse
1595 5611 1726 5668 serebant
1742 5613 1838 5669 lacum

1430 5782 1456 5829 4.

1050 5869 1138 5937 Quem
1153 5863 1367 5920 Bacchanalibus
1380 5871 1505 5919 exercent
1523 5862 1686 5934 glandibus,
1700 5873 1837 5936 exspectnt

1540 5952 1641 6017 [(r0s)
1654 5958 1730 6022 tropa
1744 5950 1834 6007 ludus.

1431 6040 1457 6090 6.

1051 6126 1185 6196 Linguam
1203 6123 1272 6179 bene
1288 6121 1441 6194 pellitorum
1457 6138 1596 6195 pecorum.

1432 6216 1459 6266 9.

1051 6302 1105 6354 lles
1118 6299 1174 6369 ipsa
1185 6294 1318 6353 ostendet.
