4084 8009
439 1515 550 1565 814

1145 1652 1290 1709 XLI.

934 1806 1112 1873 EUT
1114 1806 1174 1871 H
1185 1805 1484 1873 YCLES.

523 1976 548 2001 ιι
582 1949 784 2008 Suidas
823 1970 836 2003 :
877 1948 1168 2019 Εὐθυκλῆς.
1207 1948 1311 2005 τῶν
1354 1945 1637 2025 δραμάτων
1679 1948 1837 2005 αὐτοῦ
1864 1947 2004 2006 ἕστιν

434 2035 656 2096 Ἄσωτοι
682 2035 716 2106 ἢ
747 2032 1075 2106 Ἐπιστολὴ,
1111 2033 1179 2101 ὥς
1203 2056 1360 2115 φησιν
1389 2032 1654 2106 Ἀθήναιος
1678 2037 1731 2093 ἐν
1757 2034 1861 2101 τοῖς
1888 2039 2005 2094 Δει-

433 2131 801 2204 πνοσοφισταῖς
815 2147 828 2160 ·
850 2126 1057 2199 quibus
1078 2125 1240 2181 addit
1257 2124 1511 2180 Eudocia
1532 2143 1591 2199 p.
1631 2124 1736 2194 167
1771 2144 1784 2179 :
1817 2121 1928 2180 ἔστι
1947 2120 2001 2180 δὲ

432 2212 522 2273 καὶ
549 2204 694 2276 οὗτος
719 2214 811 2283 τῆς
836 2210 1058 2291 ἀρχαίας
1086 2210 1391 2288 κωμῳδίας.
1418 2213 1712 2286 Euthyclis
1739 2208 1998 2270 Ἀταλάν-

429 2323 524 2371 την
558 2302 693 2357 alibi
721 2312 1134 2357 commemorat
1173 2300 1375 2356 Suidas
1411 2319 1529 2374 quo
1570 2300 1800 2356 nomine
1832 2302 2003 2356 etiam

429 2391 664 2459 Callias,
695 2387 995 2463 Philyllius
1020 2430 1038 2463 ‚
1074 2390 1323 2460 Strattis,
1348 2389 1536 2446 Alexis
1554 2427 1571 2459 ,
1599 2399 1655 2446 ct
1678 2388 2004 2447 Philetaerus

428 2477 645 2534 fabulas
675 2477 1043 2552 scripserunt.
1079 2494 1110 2532 n
1145 2478 1198 2532 E
1222 2478 1310 2535 M.

747 2588 793 2649 Ι.
841 2588 1133 2649 ΑΣΩΤΟΙ
1175 2587 1227 2648 Η
1271 2588 1681 2648 ΕΠΙΣΤΟΛΗ.

512 2738 713 2793 Athen.
736 2736 868 2810 3,p.
896 2744 1033 2807 124,
1051 2738 1125 2811 B,
1147 2737 1220 2794 de
1243 2756 1348 2793 usu
1365 2738 1511 2794 nivis
1529 2738 1587 2792 in
1606 2739 1781 2797 vino:
1809 2736 1940 2795 Εὗθ.
1957 2735 2001 2794 δ’

431 2824 483 2881 ἔν
515 2822 755 2889 Ἀσώτοις
783 2823 819 2895 ἢ
854 2823 1145 2903 Ἐπιστολῇ

524 2924 772 3017 Πρῶτος
806 2925 911 3015 μὲν
937 2920 1126 3011 οἶδεν,
1164 2923 1214 2989 εί
1239 2926 1395 3017 χιών
1435 2921 1556 2990 ἐστ’
1593 2925 1779 3012 ὠνία,

522 3023 862 3121 πρῶτον.δ’
909 3033 1127 3097 ἐκεῖνον
1165 3022 1438 3120 σχαδόνα
1468 3022 1567 3096 δεῖ
1607 3028 1855 3108 πάντως
1888 3054 2000 3121 φα-
2050 3056 2052 3066 ·

1894 3162 1997 3203 ειν.

424 3264 602 3318 Versu
631 3281 655 3319 1
689 3248 823 3320 οἶδεν
850 3280 958 3339 pro
984 3262 1215 3339 vulgato
1236 3248 1367 3319 εἶδεν
1384 3262 1452 3333 P,
1477 3258 1579 3336 qui
1611 3279 1742 3318 cum
1774 3260 1821 3320 B
1844 3161 2000 3340 lYlpffi·

425 3373 532 3413 tov.

933 3465 1013 3525 η.
1058 3441 1494 3526 Α’ΤΑΛΑΝΤΗ.

503 3609 731 3680 suidas»,
772 3610 905 3676 Βοῦς
938 3607 1159 3684 ἕὸδομος
1196 3626 1212 3670 :
1246 3607 1537 3687 πέμματα,
1568 3608 1764 3689 κέρατα
1808 3609 1996 3689 ἔχοντα

424 3695 560 3752 κατὰ
591 3696 812 3772 μίμησιν
858 3700 953 3768 τῆς
1000 3703 1342 3777 πρωτοφαοῦς
1387 3697 1628 3770 σελήνης.
1675 3696 1894 3756 ἐκάλουν
1935 3697 1989 3757 δὲ

428 3781 584 3840 αὐτὸν
615 3788 767 3860 βοῦν,
799 3785 1168 3863 παρατιθέντες
1190 3784 1356 3843 καὶτὸ
1381 3782 1636 3860 ἕὸδομον,
1668 3783 1748 3841 ὅτι
1771 3783 1857 3842 ἐπὶ
1883 3792 1997 3851 ταῖς

423 3868 475 3933 ἓξ
520 3870 762 3942 σελήναις
791 3898 816 3924 ιο
855 3875 1117 3949 (lunulas
1153 3874 1320 3945 dicit,
1364 3874 1523 3948 quod
1567 3884 1626 3930 et
1664 3875 1848 3949 ipsum
1890 3873 1996 3930 suit

421 3960 691 4031 placentae
714 3980 907 4036 genus.
928 3965 1108 4018 Meirt.
1130 3961 1146 4035 )
1170 4003 1187 4032 ,
1218 3958 1462 4019 ἑπεθύετο
1489 3950 1635 4026 οὗτος
1658 3959 1906 4036 ἕὸδομος,
1924 3962 1998 4028 ὡς

422 4048 554 4105 Εὗθ.
612 4048 667 4105 ἐν
716 4046 1029 4129 Ἀταλάντῃ.
1085 4050 1358 4108 Lobcckii
1397 4050 1681 4127 Aglaoph.
1724 4068 1787 4125 p.
1847 4052 1991 4118 1064

426 4138 558 4192 citat
588 4138 762 4197 Mein.

1105 4264 1296 4325 XLII.

869 4424 1485 4496 AUTOCRATES.

506 4610 531 4636 «
565 4592 933 4657 Autocrates,
960 4588 1349 4662 Atheniensis,
1389 4604 1559 4660 quem
1603 4586 1847 4658 antiquae
1883 4603 1989 4640 co-

427 4676 651 4731 moediae
673 4688 900 4749 poetam
930 4676 1121 4747 fuisse,
1151 4676 1336 4732 Suidae
1382 4684 1603 4730 constat
1630 4674 1987 4742 testimonio,

421 4767 514 4835 qui
548 4782 610 4819 ex
641 4764 843 4818 fabulis
885 4762 1007 4835 ejus
1046 4782 1220 4819 unam
1251 4772 1663 4819 commemorat
1701 4761 1989 4833 Τυμπανι-

420 4848 565 4912 στάς.
607 4852 932 4924 Elegantem
965 4870 1032 4906 ex
1062 4870 1127 4906 ca
1171 4852 1425 4925 eclogam
1461 4850 1705 4904 servavit
1740 4850 1991 4904 AElianus

422 4940 492 4991 H.
518 4940 584 4994 Α.
611 4955 704 5006 12,
723 4956 780 5010 9.
798 4938 1068 4994 Praetcrea
1088 4940 1224 4998 Aut.
1243 4937 1412 4993 semel
1429 4935 1762 4992 laudaturin
1775 4937 1988 4992 Lexico

420 5027 647 5097 Seguer.
674 5050 695 5074 ι
717 5028 768 5080 Ε
786 5028 871 5084 M.

911 5170 1269 5229 ΤΥΜΠΑΝΙ
1279 5169 1482 5229 zur.

497 5300 746 5355 AElianus
770 5302 843 5357 Η.
874 5301 944 5355 Α.
979 5317 1064 5365 12,
1106 5318 1162 5371 9,
1191 5298 1263 5353 de
1293 5316 1395 5353 ave
1421 5298 1704 5353 motacilla
1733 5315 1747 5354 t
1777 5293 1983 5371 μέμνη-

416 5408 498 5439 ται
525 5384 578 5442 δὲ
602 5384 800 5443 καὶτοῦ
820 5382 1017 5459 ὄρνιθος
1035 5385 1183 5440 τοῦδε
1204 5381 1576 5462 Ἀριστοφάνης
1601 5384 1652 5440 ἐν
1677 5385 1750 5460 τῷ
1775 5381 1987 5462 Ἀμφια-

418 5474 526 5550 ράῳ
544 5517 558 5542 ,
674 5472 763 5530 καὶ
789 5471 1125 5549 Αὐτοκράτης
1159 5474 1211 5528 ἐν
1233 5472 1634 5546 Τυμπανισταῖς
1665 5496 1689 5522 «
1720 5461 1826 5529 Οἶα
1850 5468 1981 5526 παί-

590 5659 927 5714 LUXURIA
988 5658 1279 5712 PERDITI
1317 5654 1396 5711 vel
1437 5656 1799 5711 EPISTOLA.

418 5744 630 5797 Primus
659 5743 881 5814 quidem
911 5742 1041 5807 scit,
1072 5757 1143 5798 an
1176 5742 1266 5797 nix
1292 5741 1362 5797 sit
1389 5740 1623 5806 venalis;

416 5832 758 5903 primumque
782 5832 936 5887 illum
968 5831 1156 5908 utique
1175 5837 1390 5903 oportet
1413 5827 1597 5884 favum
1623 5826 1924 5885 comedere.

941 5918 1448 5974 TYMPANISTAE.

416 6006 599 6072 Qualia
624 6004 819 6061 ludunt
847 6005 985 6076 grati
1013 6002 1293 6076 Lydorum
1318 6001 1471 6058 chori
1496 6000 1749 6073 virginei!
1825 6003 1941 6069 [tes
1964 6020 1979 6067 ς

418 6094 601 6147 leviter
629 6093 827 6148 saltant
861 6093 1000 6148 bene
1036 6099 1298 6160 comatae,
1332 6088 1692 6161 manibusque
1720 6088 1980 6161 plauden-

1516 1500 1996 1564 EUTHYCLES.
2044 1502 2580 1567 AUTOCRATES.

2097 1638 2269 1704 ζουσιν
2299 1636 2448 1716 φίλαι
2487 1636 2734 1719 παρθένοι
2770 1641 2955 1702 Λυδῶν
2985 1640 3205 1721 *κόραι,
3231 1646 3404 1724 κοῦφα
3432 1644 3673 1717 πηδῶσαι

2103 1726 2280 1797 (unus
2324 1726 2472 1783 liber
2515 1727 2752 1807 πηδῶσι)
2786 1728 2997 1807 Ι’κόμαν
3040 1731 3214 1806 (unus
3248 1734 3389 1789 item
3432 1731 3672 1811 κόμας),

2096 1811 2123 1837 *
2139 1812 2553 1892 κᾶνακροῦουσαι
2576 1825 2774 1896 χεροῖν,
2792 1817 3048 1899 Ἐφεσίαν
3070 1821 3200 1899 παρ’
3220 1816 3472 1899 Ἄρτεμιν
3491 1821 3525 1852 ⁴*
3547 1822 3677 1880 κάλ-

2096 1899 2230 1958 λιστ’
2257 1900 2341 1974 ἂν,
2362 1901 2453 1960 καὶ
2475 1910 2584 1962 τοῖν
2613 1904 2802 1985 ἶσχίοιν
2827 1906 2885 1966 τὸ
2908 1905 3004 1987 μὲν
3032 1906 3181 1966 κάτω
3206 1906 3266 1965 τὸ
3290 1909 3339 1966 δ’
3368 1897 3440 1966 αὖ
3466 1910 3543 1975 εἰς
3568 1907 3675 1968 ἄνω

2098 1984 2395 2069 ἔξαίρουσα,
2433 1978 2518 2047 οἶα
2545 1991 2755 2070 κίγκλος
2783 1994 3022 2055 ἅλλεται.
3055 2021 3080 2047 υ
3117 1995 3348 2055 scatent
3371 1997 3492 2054 baec
3518 2018 3675 2054 m·-

2098 2076 2182 2132 dis
2202 2116 2218 2145 ‚
2246 2094 2372 2151 quae
2398 2080 2572 2136 Musis
2597 2082 2914 2141 faventibus
2941 2086 3021 2141 ita
3054 2086 3341 2160 corrigere
3359 2087 3507 2141 mihi
3530 2089 3680 2146 visus

2096 2183 2241 2232 sum,
2290 2167 2557 2225 restitutis
2577 2172 2832 2228 versibus
2858 2175 3219 2247 asynartetis,
3240 2174 3514 2248 qualibus
3539 2194 3675 2249 pas-

2095 2254 2201 2309 sim
2232 2255 2413 2309 utitur
2446 2258 2884 2334 AristophaneS,
2929 2264 3028 2336 qui
3070 2271 3332 2319 constant
3368 2281 3404 2321 e
3450 2264 3679 2323 duobus

2096 2341 2387 2416 glyconeis
2418 2341 3267 2423 (-σ-ω-υ-Ι-ιι-ω-υ-)ε

2199 2437 2322 2506 Οἷα
2345 2435 2660 2518 παίζουσιν
2691 2437 2852 2531 φίλοι.
2885 2435 3096 2511 Λυδῶν
3123 2448 3429 2540 παρθένιοι
3462 2448 3671 2545 χοροίῖ

2194 2555 2384 2638 κοῦφα
2439 2537 2677 2619 πηδῶσ’
2731 2546 2977 2640 εὐκόμαι
3029 2551 3473 2646 κάγκροτοῧσαι
3542 2566 3679 2625 ταῖν

3444 2671 3690 2757 χεροῖν.

2192 2750 2453 2848 Ἐφεσίαν
2483 2755 2647 2851 παρά
2682 2762 2742 2822 τ’
2786 2746 3043 2851 Ᾰρτεμιν
3066 2761 3319 2833 κάλλιόν
3359 2763 3423 2860 γ’
3456 2774 3494 2842 ἡ
3531 2776 3680 2836 καλ·

3487 2873 3673 2962 λίων,

2195 2963 2344 3060 ἰσχί’
2385 2964 2456 3035 ἂν
2491 2967 2631 3035 τότε
2667 2968 2773 3059 μὲν
2805 2968 2975 3036 κοίτω
2999 2970 3343 3068 ἐξαίρουσα,
3369 2978 3510 3046 τότ’
3545 2978 3672 3048 αὖθ’

3500 3083 3672 3175 ἅνω,

2190 3175 2287 3246 οἷα
2322 3178 2611 3274 κίγκαλος
2643 3180 2918 3251 ἅλλεται.

2041 3337 2043 3358 ι
2094 3311 2340 3367 Meinek.
2389 3330 2403 3367 z
2461 3336 2487 3363 «ι
2530 3312 2813 3388 Lydiacas
2857 3314 2979 3369 illas
3026 3314 3367 3388 saltatrices,
3419 3316 3670 3377 Dianam

2096 3394 2452 3474 (Ephesiam)
2482 3400 2704 3455 choreis
2730 3412 2787 3456 et
2810 3412 2981 3456 cantu
3017 3415 3350 3461 venerantes
3368 3447 3385 3477 ,
3413 3426 3673 3466 comme·

2092 3496 2279 3540 morat
2327 3487 2730 3562 Aristophanes
2768 3489 2922 3545 Nub.
2977 3486 3114 3559 580,
3152 3514 3177 3541 υ
3225 3503 3380 3564 etc.;
3436 3495 3541 3552 sed
3577 3497 3676 3554 ille

2091 3573 2404 3648 improprie
2426 3574 2611 3632 Λυδῶν
2637 3573 2792 3652 κόρας
2829 3576 2967 3632 dicit
3002 3579 3301 3652 Ephesias,
3350 3583 3490 3655 quia
3534 3603 3674 3658 pars

2091 3660 2278 3735 Lydiae
2327 3662 2435 3718 suit
2481 3663 2674 3736 Ionia,
2716 3665 3048 3738 priusquam
3092 3667 3441 3741 Androclus,
3487 3670 3671 3730 Codri

2089 3746 2267 3819 filius,
2290 3753 2495 3807 Ionum
2520 3753 2804 3808 coloniam
2837 3772 2906 3809 eo
2928 3755 3094 3810 duxit
3120 3775 3133 3811 :
3160 3776 3215 3815 ν.
3239 3758 3422 3816 Baehr.
3445 3759 3521 3816 ad
3546 3762 3673 3818 He-

2098 3856 2147 3909 x,
2180 3845 2311 3904 142.
2341 3836 2619 3897 Κάλλιστα
2648 3840 2721 3895 ab
2746 3859 2816 3896 eo
2835 3842 3158 3915 profectum
3185 3844 3356 3901 suerit
3378 3848 3480 3920 qui
3504 3866 3672 3905 com-

2087 3928 2407 4000 parativam
2457 3929 2787 4003 superlativi
2830 3948 2998 3985 sensu
3062 3932 3558 4008 interpretaretur,
3608 3946 3672 3994 et

2089 4025 2243 4071 recte
2267 4015 2530 4090 quidem:
2554 4035 2611 4075 v.
2632 4018 2833 4073 Matth.
2861 4018 3109 4075 Gramm.
3134 4018 3266 4091 457.
3284 4010 3420 4079 Αῧθι
3446 4024 3669 4081 dictum

2086 4123 2195 4179 pro
2224 4101 2279 4161 δὲ
2296 4144 2312 4175 ,
2335 4123 2447 4178 qua
2468 4104 2539 4161 de
2567 4123 2630 4161 re
2653 4106 2804 4162 idem
2835 4106 3025 4182 5606.
3059 4106 3354 4186 Κίγκοιλος,
3382 4123 3669 4187 potestate

2088 4193 2177 4248 τοῦ
2208 4188 2447 4267 κίγκλος,
2479 4193 2687 4267 legitur
2716 4194 2870 4268 apud
2893 4195 3147 4254 Suidam.
3190 4199 3456 4256 Laudant
3488 4201 3668 4259 etiam

2087 4280 2287 4338 similia
2313 4281 2600 4356 Aristoph.
2631 4284 2863 4357 Lysistr.
2894 4284 3258 4346 1310-1313.

2489 4453 2530 4506 E
2571 4451 2619 4510 F
2622 4453 2865 4508 ABULA
2911 4454 3251 4511 INCERTA.

2165 4602 2409 4660 Lexicon
2440 4604 2499 4659 in
2522 4604 2763 4662 Bekkeri
2793 4603 3008 4665 Anccd.
3034 4624 3089 4682 p.
3125 4605 3272 4684 336,
3296 4603 3658 4685 Ἄγαλακτίαε

2085 4690 2423 4769 Αὐτοκράτης
2516 4691 2522 4696 ’

2179 4798 2369 4894 Ᾰμνοὶ
2400 4796 2471 4871 δὲ
2511 4802 2925 4897 βληχοίζουσιν
2956 4804 3057 4875 ὑπ’
3085 4809 3433 4902 ἀγαλαξίας.

2091 4966 2114 4993 ιι
2147 4945 2353 4999 Utrum
2380 4942 2707 5019 ἀγαλακτίας
2732 4965 2804 5000 an
2840 4943 3127 5021 ἅγαλαξίας
3171 4950 3456 5023 scripserit
3486 4953 3655 5024 Aut„

2081 5050 2199 5085 non
2228 5030 2507 5086 definiam.
2550 5032 2634 5089 Cf.
2683 5031 2907 5093 Polluc.
2948 5034 3006 5104 3,
3053 5035 3148 5091 50.
3195 5062 3219 5086 ν
3269 5039 3319 5092 Ε
3354 5040 3437 5095 M.
3481 5041 3661 5111 Quod

2081 5121 2280 5175 attinet
2313 5132 2638 5193 correptum
2688 5119 2742 5177 δὲ
2789 5135 2918 5179 ante
2962 5123 3146 5201 βληχ.,
3202 5125 3412 5182 fatetur
3459 5129 3655 5199 idem,

2034 5220 2035 5227 ’
2081 5209 2348 5282 Tragicos
2394 5228 2804 5283 nonnunquam
2856 5214 3199 5287 corripuisse
3247 5217 3475 5271 vocales
3518 5229 3655 5273 ante

2082 5296 2148 5371 βλ
2178 5307 2234 5352 et
2266 5296 2356 5371 γλ,
2402 5307 2726 5371 temereque
2764 5300 3086 5370 contendit,
3132 5318 3260 5374 quae
3297 5304 3501 5359 similia
3546 5305 3658 5361 ha-

2078 5383 2319 5439 beantur
2346 5385 2501 5459 apud
2534 5387 2798 5460 antiquos
2842 5388 3135 5458 Comicos,
3175 5391 3365 5445 omnia
3396 5408 3516 5447 esse
3544 5392 3655 5448 de-

2076 5483 2327 5546 pravata.

2076 5665 2129 5712 et
2154 5654 2301 5727 apud
2327 5654 2853 5726 EphesiamDianam
2878 5657 3160 5712 venustius
3183 5658 3462 5715 venustior
3487 5674 3598 5717 una
3615 5701 3633 5729 ,

2076 5743 2280 5800 femora
2319 5740 2483 5798 modo
2508 5740 2828 5812 demittens,
2855 5742 3022 5799 modo
3047 5760 3240 5800 rursus
3271 5745 3504 5803 evehens
3523 5786 3541 5814 ,

2077 5831 2224 5888 velut
2246 5829 2520 5887 motacilla
2544 5830 2827 5903 tripudiat.

2521 5962 2626 6016 Ex
2663 5962 2982 6017 INCERTA
3017 5961 3103 6016 ΕΑ
3115 5963 3176 6015 Β.

2079 6089 2329 6162 Agnique
2358 6088 2574 6157 balant,
2613 6088 2751 6145 lacte
2790 6088 3002 6162 privati.

1886 6319 2215 6346 --οοῦ-
