4084 8009
956 1498 1086 1561 CRITO.

208 1646 242 1702 V.
264 1649 300 1709 ll,
325 1637 477 1698 tudertinos
502 1638 638 1697 Valcken.
659 1655 713 1714 pro
737 1634 904 1692 τοθπτείνειον
928 1633 984 1691 ΑΡ.

211 1731 245 1785 V.
267 1727 302 1792 65
323 1724 390 1782 α’λλθ
403 1723 427 1781 τί
435 1746 444 1795 ;
464 1716 634 1799 Sch'weigli.;
646 1725 697 1800 qui
709 1734 739 1780 et
753 1741 939 1797 personarum
948 1725 990 1778 vi·

210 1835 255 1873 ees
272 1816 408 1872 distinxit.
424 1815 516 1890 Vulgo
540 1812 609 1871 ἀλλά
626 1835 651 1870 τι
671 1813 768 1890 θεωρῶ,
778 1824 836 1871 etc.
850 1814 885 1869 V.
901 1813 938 1880 46
952 1814 991 1869 sic

209 1905 331 1962 Casatrb.
341 1903 423 1960 Libri
430 1906 537 1959 πονοῦσι
543 1900 565 1958 δ’
577 1899 672 1980 ἕτεροι,
681 1896 885 1976 σοὶδίλίγωτόις
894 1898 989 1966 αἰτίας.

210 1996 244 2052 V.
261 1999 296 2063 47
311 2016 324 2042 α
339 1993 369 2046 in
381 1991 452 2046 cibis
467 1989 538 2064 quid
552 1990 637 2047 fixerit
647 1986 811 2067 περίκομμα,
823 2000 925 2046 notum
938 2001 991 2061 est3

211 2083 260 2140 sed
280 2082 393 2138 videtur
415 2081 487 2137 illud
499 2082 587 2137 etiam
602 2082 743 2137 musicum
758 2079 841 2136 ίιιίοοε
865 2080 994 2136 vocabu-

211 2172 286 2240 lum,
300 2171 436 2243 quoniam
458 2185 518 2225 non
535 2169 672 2225 credibile
694 2180 755 2238 est,
772 2180 894 2244 propter
903 2187 994 2223 unum

211 2258 282 2315 illud
293 2255 336 2324 ὀξὺ
353 2274 479 2331 coquum
490 2268 620 2314 nostrum
630 2258 670 2314 ab
684 2260 775 2313 altero
790 2259 995 2329 interlocutore

211 2348 411 2402 harmonicum
426 2346 534 2403 vocari.
555 2346 658 2403 Eadem
673 2346 859 2421 ambiguitate
872 2347 994 2403 Athenio

210 2434 435 2492 Samothracas
450 2433 573 2510 (Athen.
592 2441 638 2503 tl,
654 2453 683 2509 p.
699 2434 769 2502 661,
782 2434 824 2508 B)
843 2452 995 2511 τπερικομ-

212 2521 299 2601 ματίῳ
313 2520 471 2599 διεγίγγρασ’
487 2521 651 2600 ὑποκρούσας
664 2522 770 2594 γλυκιῖ,
785 2522 836 2577 ubi
851 2522 917 2579 vide
930 2539 994 2596 qute

211 2614 354 2667 annotavi.
369 2613 425 2667 Pro
437 2607 500 2688 ἄφες
515 2612 613 2667 nescio
631 2629 667 2665 an
683 2608 742 2676 ἄνες
759 2609 954 2680 scribendum,
968 2621 996 2665 et

211 2718 295 2756 versu
307 2710 442 2774 sequente
460 2696 588 2755 ἐπίτεινον
606 2717 630 2773 ιιΙ
643 2698 738 2755 νοτίοιο
752 2696 784 2756 τό
801 2702 854 2776 πῦρ
866 2716 996 2775 separan-

212 2787 280 2843 dum
297 2790 346 2855 sit,
358 2798 391 2841 ut
401 2787 457 2842 boc
479 2786 558 2842 dieat
572 2807 579 2839 ι
594 2791 711 2841 nimium
733 2800 831 2842 neuun
841 2805 924 2843 sonus
935 2799 995 2855 en,-

163 2877 164 2884 ’
211 2880 335 2943 remitte,·
353 2892 459 2929 rursum
474 2876 596 2933 intende.
614 2899 627 2924 ν
653 2875 679 2929 Ε
691 2876 733 2931 Μ.
746 2879 781 2932 V.
797 2882 835 2949 lp
847 2874 914 2932 libri
927 2877 995 2947 όμα·

211 2961 311 3029 λίζοιιτε
324 2967 377 3026 τοῖς
392 2963 527 3038 στόχισιν,
540 2963 601 3019 εἰπε
619 2964 647 3031 ἡ.
662 2959 774 3028 Τιίξεσιν
788 2965 891 3037 procul
905 2963 995 3020 dubio

212 3051 283 3106 dixit
294 3053 377 3108 Dam.
395 3053 428 3109 V.
440 3049 478 3107 50
489 3048 546 3115 ταῖς
559 3052 694 3119 Casaub.‚
711 3058 765 3116 τοῖς
779 3052 847 3108 cod.
860 3053 897 3121 C3
910 3053 997 3108 ceteri

212 3135 281 3200 τούς.
293 3141 324 3194 V.
335 3136 370 3192 51
385 3162 398 3186 ι
408 3150 520 3193 tenesne
529 3137 654 3202 sormam
664 3144 996 3213 errationemproecepto·

211 3246 273 3281 rum
302 3228 444 3283 meorum?
464 3228 510 3283 Sic
532 3228 609 3301 apud
626 3228 788 3302 Longinum
802 3226 880 3285 Subl.
904 3228 938 3283 13
953 3224 997 3283 τὸν

212 3311 293 3370 τύπον
307 3314 336 3370 οὐ
347 3313 446 3389 ἀγνοεῖς
458 3314 494 3369 de
502 3314 594 3371 lorma
605 3326 634 3372 et
648 3332 729 3371 more
740 3316 885 3371 scribendi
901 3316 996 3372 Plato·

211 3404 255 3461 nis
269 3404 380 3477 aceepit
396 3404 534 3477 Toupius‚
551 3404 658 3460 collato
679 3404 816 3459 hocloco
832 3415 861 3460 et
879 3404 996 3478 synesio

212 3492 302 3565 Epist.
313 3490 361 3561 67.
374 3515 387 3539 ν
399 3490 561 3563 Schweigh.
571 3492 709 3548 Personas
716 3491 846 3548 distinxit
854 3490 974 3551 Meinek.
987 3510 994 3551 ε

211 3580 361 3633 ercidetur
381 3580 429 3633 tibi
446 3596 494 3633 ars
511 3596 575 3633 mea
593 3579 708 3653 aliquid
719 3581 891 3653 preclarum
917 3582 998 3635 esaeil

214 3667 277 3720 Hoc
291 3664 409 3739 placuit.
434 3667 467 3721 V.
491 3664 528 3721 52
549 3665 617 3722 libri
631 3661 716 3723 οθθίν.
731 3667 764 3721 V.
779 3664 815 3731 54
829 3667 918 3740 vulgo
939 3668 996 3731 πῶς
1118 3658 1121 3665 ’

213 3748 283 3806 ίστιν
307 3751 393 3817 αὐτοῖς
413 3764 469 3810 etc.
497 3753 633 3808 Distinxis
654 3754 814 3810 ontionem
830 3754 992 3814 Jacobsius.

213 3840 325 3914 Αὑτοῖς,
339 3839 367 3897 h.
390 3858 415 3895 e.
434 3836 567 3907 ἀλλήλοις.
582 3842 616 3897 V.
634 3838 672 3895 56
696 3842 876 3897 Hermannus
895 3844 996 3899 Doctr.

212 3938 295 3985 metr.
306 3947 335 4002 p.
347 3927 413 3996 131,
427 3923 514 3984 ίνίοτ’.
531 3928 622 4002 Vulgo
631 3925 712 3985 ίνίοτε
722 3926 757 3988 δ’.
770 3932 803 3986 V.
816 3930 854 3986 60
867 3927 996 4009 διοίφωνον

214 4012 298 4071 ἕλκειν
314 4015 488 4072 hauddubie
502 4017 614 4071 musicae
625 4018 694 4073 artis
703 4016 792 4074 dictio
806 4029 856 4073 est.
870 4018 948 4077 lbid.
962 4020 996 4073 li·

215 4102 259 4157 bri
275 4100 432 4177 ὑπιρόήοηι.
445 4106 477 4161 V.
489 4102 537 4162 61.
553 4103 665 4159 ·Vct·bo
676 4107 858 4161 καταπυκνοῦν
872 4104 926 4183 [ex
937 4125 998 4162 mu·

217 4193 341 4245 sicorum
349 4192 458 4245 ratione
468 4189 951 4264 desumpto‚utdocuitMeibomius
960 4196 998 4251 ad

216 4282 300 4353 Diog.
318 4281 413 4335 Laert.
431 4297 478 4348 ιο,
498 4284 581 4354 tta),
596 4281 655 4354 ipse
667 4282 807 4355 Epicurus
819 4301 884 4337 usus
895 4294 946 4351 est,
962 4283 999 4340 de

215 4370 361 4440 voluptate
373 4368 493 4440 loquens
509 4368 540 4421 in
556 4365 656 4444 κυρίαις
668 4366 753 4434 δόξαις
766 4388 846 4425 num.
866 4387 902 4445 9:
918 4371 940 4426 εί
951 4392 999 4427 κα·

218 4459 375 4510 τεπυκνοῶτο
384 4461 459 4510 πᾶσα
468 4451 561 4528 ἡδονή,
570 4467 639 4525 etc.‚
650 4457 701 4511 ubi
711 4456 776 4512 vide
786 4477 848 4532 quae
855 4470 922 4533 post
930 4461 999 4515 Mei·

216 4545 342 4598 bonitum
353 4544 603 4600 monuitKulmiua
613 4543 650 4601 ad
659 4547 742 4621 Diog.
754 4549 849 4605 Laert.
864 4567 929 4623 a,p.
941 4547 997 4616 554

216 4632 262 4687 ed.
287 4634 361 4690 llleu.
378 4632 484 4689 Eodem
507 4635 630 4707 respexit
649 4635 806 4709 Alciphron
827 4638 879 4710 Ep.
895 4637 923 4708 3,
942 4636 998 4710 55,

217 4738 304 4793 quum
325 4718 373 4789 τὴν
399 4717 602 4777 καταπύκνωσιν
623 4724 671 4778 τοῦ
691 4720 818 4797 ἡδομένου
841 4724 922 4795 dixit,
937 4728 997 4786 scil.

216 4810 463 4875 condensationcm,
477 4806 679 4882 perfectionem
698 4812 822 4885 undique
839 4813 998 4869 absolutam

216 4900 436 4973 completumque
456 4899 620 4971 voltiptatls.
634 4897 678 4955 Cf.
699 4899 777 4975 apud
790 4899 885 4959 baert.
896 4903 999 4976 proxi·

216 5004 261 5041 me
273 4997 438 5060 sequentem
450 4985 566 5062 Epicuri
580 4988 747 5043 seutentiam
763 5006 809 5059 ιο,
824 4996 890 5060 sla,
903 5009 934 5046 n.
952 5009 997 5061 ιο,

217 5092 301 5147 quam
323 5077 457 5150 expressit
473 5076 573 5132 Cicero
587 5077 630 5132 De
645 5072 695 5135 fin.
713 5094 742 5145 a,
759 5094 787 5146 7.
804 5102 816 5126 ι
834 5076 997 5153 Seltneiglt.

217 5164 250 5217 V.
267 5163 316 5223 66.
330 5164 398 5219 libri
410 5161 477 5221 οὕτω
491 5182 532 5220 σοι
551 5162 630 5222 δοκεῖ.
648 5162 780 5220 Correxit
792 5164 878 5223 Mein.

402 5294 454 5349 EX
476 5294 637 5351 lncsn'tn
657 5294 814 5353 FABULA.

257 5405 361 5461 Athen.
380 5423 407 5475 ι,
422 5426 452 5480 p.
476 5404 519 5475 15,
538 5408 560 5461 B
580 5426 586 5460 :
605 5406 751 5484 ίφρόντιζον
775 5404 798 5462 δ’
818 5404 957 5484 εὐρυθμίας
976 5406 1001 5463 οἱ

219 5489 404 5568 σφαιρίζοντες.
418 5496 489 5567 dap.
509 5496 570 5570 γοῦν
580 5514 644 5572 φησι

412 5662 465 5716 EX
478 5662 635 5717 incante
648 5664 804 5721 FABULA.

272 5745 384 5801 Juveuis
397 5743 508 5817 quidam
523 5744 576 5817 pila
590 5745 701 5803 ludebat

271 5847 405 5887 annorum
419 5831 520 5889 lere...
532 5832 737 5904 septemdecim,

165 5982 167 5986 y
271 5920 358 5984 Cous(
368 5906 520 5978 deos'enim
531 5920 725 5977 liancinsulam
739 5922 850 5993 gignere
862 5929 1000 5995 apparet),

271 6007 317 6077 qui
328 6021 415 6079 quum
434 6007 504 6064 torte
517 6006 876 6081 adspiciebatconsideutes.

236 6100 252 6148 5
273 6094 313 6148 vel
327 6095 437 6175 capiens
459 6094 558 6166 pilam,
571 6095 613 6151 vel
627 6094 712 6163 dans,
729 6094 811 6150 simul

271 6180 633 6252 omuesexelautabumus..
649 6224 655 6236 .

270 6268 424 6338 eurythmia
440 6268 525 6337 enim,
541 6276 647 6348 stipas,
658 6268 772 6337 ειοιόο,
787 6285 848 6343 qua

272 6357 299 6412 in
312 6359 416 6428 agendo
430 6366 511 6431 atque
524 6356 640 6415 diceudo
654 6359 800 6431 conspicua
809 6366 899 6420 erunt,

1759 1510 1821 1560 699
1889 1586 1894 1600 ⁸

1157 1676 1205 1685 —
1222 1634 1351 1712 Νεανίας
1367 1660 1415 1712 τις
1431 1630 1597 1726 ἐσφαίριζεν
1614 1633 1655 1712 είς

1108 1750 1182 1811 ἐτῶν
1197 1740 1297 1823 ἴσως.
1326 1794 1335 1810 .
1368 1793 1376 1808 .
1409 1793 1416 1808 .
1444 1735 1669 1825 ίπτοοιαίδεκα,

1113 1859 1197 1927 Kaio<
1211 1851 1306 1939 (θεοὺς
1319 1847 1376 1943 γὰρ
1393 1847 1503 1940 φαίνεθ’
1519 1854 1538 1921 ἡ
1555 1859 1643 1925 νῆσος
1659 1849 1775 1939 φέρειν)

1111 1954 1141 2034 ὃς
1156 1955 1221 2023 ἐπεί
1235 1961 1303 2023 ποτ’
1320 1949 1476 2048 ἐμόλέψειε
1491 1960 1557 2032 τοῖς
1573 1955 1767 2045 καθημένοις,

1042 2056 1061 2129 5
1112 2057 1311 2153 ἢλαμόοίνων
1321 2064 1376 2135 τήν
1387 2068 1528 2153 σφαῖραν,
1548 2058 1566 2133 ἢ
1586 2049 1707 2142 διδοὺς,
1725 2060 1789 2152 ἅμα

1114 2162 1367 2258 πάντεςίόοῶμεν
1398 2221 1405 2235 .
1436 2217 1444 2231 .
1476 2219 1483 2234 .
1513 2218 1521 2232 .
1548 2220 1554 2233 .

1113 2265 1176 2347 ἡδ’
1195 2273 1354 2366 εὐρυθμία,
1370 2273 1407 2338 τό
1420 2272 1449 2339 τ’
1460 2270 1548 2356 ἦθος,
1563 2278 1582 2345 ἡ
1597 2265 1682 2347 τάξις
1698 2266 1739 2352 θ’,
1756 2275 1813 2338 ὅσα

1113 2382 1143 2444 ἐν
1162 2390 1208 2464 τῷ
1222 2404 1255 2445 τι
1265 2376 1407 2469 προίττιιν
1425 2374 1557 2470 ἢλίγειν
1570 2375 1726 2467 ἐφαίνετο,

1113 2487 1205 2577 πέρας
1218 2511 1251 2551 τι
1265 2483 1416 2570 κάλλους,
1431 2477 1555 2576 ἄνδρες,
1572 2484 1635 2549 οὔτ’
1653 2482 1769 2557 οἱκήκοα

1046 2610 1089 2656 10
1114 2589 1277 2682 ἔμπροσθεν
1292 2584 1352 2657 ott·
1369 2590 1480 2681 ἑόρακα
1491 2591 1636 2662 τοιαύτην
1649 2586 1746 2681 χάριν.

1112 2698 1218 2764 Κακὸν
1231 2692 1268 2762 ε’ίν
1282 2723 1315 2764 τι
1329 2692 1428 2789 μεῖζον
1441 2688 1565 2781 ίλαόον,
1579 2688 1605 2762 εί
1618 2692 1714 2761 πλείω
1725 2697 1827 2788 χρόνον

1113 2805 1216 2895 ἔμεινα
1227 2828 1234 2843 ·
1253 2801 1304 2868 καὶ
1317 2813 1366 2869 νῦν
1376 2798 1407 2869 d'
1423 2807 1479 2893 οὐχ
1492 2802 1632 2895 ὑγιαίνειν
1646 2828 1695 2894 μοι
1706 2794 1798 2867 δοκῶ.

1039 2939 1160 2993 Vetsua
1183 2934 1324 2990 Meinelrio
1350 2934 1516 2990 addendum
1542 2934 1654 2991 videtin
1679 2931 1824 3010 γενόμενος.

1039 3025 1073 3082 V.
1092 3023 1244 3098 6Porson.
1258 3024 1412 3098 supplebat
1422 3020 1512 3100 ὥσπερ
1527 3023 1558 3079 ln
1566 3021 1751 3096 κελεύσματος.
1763 3025 1796 3080 V.
1809 3041 1824 3091 7

1041 3122 1105 3167 ante
1119 3108 1237 3166 Porsen.
1255 3108 1272 3179 ἥ
1291 3132 1320 3166 τε
1343 3106 1388 3181 (θλ
1410 3112 1470 3187 BC)
1481 3107 1551 3176 τάξις
1572 3108 1632 3179 όαη.
1647 3108 1825 3167 Postremum

1040 3199 1102 3273 ipse
1115 3200 1238 3255 correxi.
1253 3201 1284 3254 V.
1297 3198 1314 3253 8
1335 3209 1402 3254 aute
1414 3199 1534 3256 Casaub.
1554 3196 1669 3273 λέγεινῆ
1688 3197 1823 3279 πράττειν.

1040 3288 1074 3345 V.
1090 3304 1110 3359 9
1123 3307 1149 3341 τι
1163 3286 1256 3355 Pors„
1271 3287 1358 3361 vulgo
1369 3282 1418 3345 ίτι.
1433 3287 1505 3346 Cod.
1517 3285 1633 3365 ΰτίραι.

1374 3575 1489 3638 xcvtt.

1306 3766 1309 3775 .
1357 3686 1508 3784 entre.

1085 3888 1097 3912 ι
1115 3863 1203 3918 Norae
1228 3860 1375 3919 comoediae
1397 3873 1513 3935 poetam
1535 3861 1611 3916 bunc
1635 3860 1716 3916 luisse
1738 3859 1823 3916 docet
1861 3843 1866 3855 ’

1042 3952 1144 4008 Ροίίιικ
1158 3971 1188 4025 9,
1205 3948 1330 4021 15‚eum
1343 3966 1478 4006 unacum
1497 3947 1657 4025 'l‘heopbilo
1675 3949 1727 4011 τοῖς
1745 3969 1826 4005 νεω-

1042 4036 1145 4116 τέροις
1159 4056 1317 4095 accensens.
1334 4061 1346 4088 s
1365 4037 1392 4092 B
1400 4038 1443 4093 M.

1325 4168 1349 4227 l.
1373 4164 1541 4227 anneot.

1083 4282 1185 4337 Pollux
1200 4299 1231 4354 9,
1256 4278 1290 4336 15
1305 4296 1313 4338 ε
1327 4278 1446 4346 παίζοντι
1462 4276 1489 4336 ll
1508 4275 1539 4335 τθ
1553 4270 1729 4355 στρατόπεδον
1743 4274 1827 4343 ἔξεστι

1043 4366 1113 4425 κατὰ
1126 4366 1174 4439 τὴν
1188 4369 1239 4425 τῶν
1255 4367 1360 4425 πολλῶν
1370 4368 1465 4445 χρῆσιν
1481 4363 1527 4421 καί
1539 4362 1713 4442 παρεμόολὴν
1729 4363 1826 4421 siout-

1043 4478 1102 4528 σαι,
1128 4453 1307 4535 παρεχόμενόν
1334 4456 1439 4535 (scrib.
1462 4451 1670 4532 παρεχομένων)
1694 4474 1751 4508 τινα
1774 4453 1826 4508 τῶν

1043 4543 1175 4622 νεωτέρων
1184 4543 1313 4623 Θεόφιλον
1324 4543 1349 4601 lv
1358 4543 1568 4621 Παγκρατιαστῇ
1577 4539 1698 4619 εἰρηκότα
1708 4567 1721 4593 ε
1733 4537 1789 4598 Εἶτ’
1800 4541 1827 4597 ἐν

1045 4631 1145 4711 χοίρακι
1167 4629 1215 4707 μίν
1228 4635 1312 4690 ταῦτα
1327 4629 1373 4689 καί
1390 4628 1559 4709 παρεμόολῇ.
1578 4654 1591 4680 ο
1608 4627 1654 4685 καί
1679 4626 1785 4707 Κρίτων
1801 4628 1827 4684 lv

1045 4720 1183 4793 Αἰτωλοῖς,

1094 4839 1234 4937 Ὲκεῑγὰρ
1250 4849 1325 4936 ἡμῖν
1336 4846 1416 4909 ἐστιν
1431 4847 1451 4916 ἡ
1467 4835 1656 4936 παρεμόολοί.

1045 4990 1091 5045 sic
1107 4988 1185 5044 editi.
1203 4989 1237 5043 ln
1254 4990 1319 5044 Mas.
1338 5004 1401 5061 φατε
1418 4998 1485 5062 post
1504 4984 1684 5064 παρεχόμενον
1703 4996 1761 5043 etc.
1782 5001 1828 5040 se-

1046 5088 1184 5151 quuntur,
1198 5078 1237 5131 ita
1249 5087 1395 5133 contracta
1415 5078 1548 5152 leguntur
1562 5094 1570 5130 ε
1585 5072 1652 5137 τινίς
1668 5071 1696 5129 di
1717 5070 1828 5129 καὶτῶν

1046 5164 1178 5243 νιωτίρων
1191 5165 1306 5235 ποιητῶν
1318 5160 1465 5242 ἐχρήσαντο
1476 5164 1509 5239 τῇ
1519 5158 1599 5241 λίξει,
1611 5158 1701 5238 ὥσπερ
1712 5157 1828 5238 Δίφιλος,

1046 5254 1092 5312 καί
1109 5252 1223 5331 ίίρίτων.

1303 5364 1341 5423 11.
1363 5361 1576 5423 ΜΕΣΣΗΝΙΑ.

1089 5497 1189 5552 Pollux
1214 5514 1262 5566 ιο,
1283 5461 1322 5552 '35
1339 5488 1430 5551 τάλλίι
1454 5487 1500 5549 καί
1528 5487 1656 5564 σκίμπους
1681 5486 1733 5544 τῶν
1758 5485 1830 5543 lidos

1099 5678 1207 5721 summa
1224 5661 1351 5736 quedam
1358 5660 1424 5731 snit
1443 5666 1584 5726 ιειιιιειαι,
1603 5657 1663 5723 viri,
1682 5670 1830 5811 οεουφριιῗ

1794 5756 1828 5797 ιιι

1049 5846 1081 5895 10
1100 5848 1180 5895 autea
1194 5839 1228 5896 de
1238 5840 1304 5907 tali,
1321 5853 1372 5894 uec
1384 5836 1437 5893 vidi
1451 5843 1555 5893 tantam
1570 5801 1694 5905 gistiam.

1100 5925 1204 5980 Malum
1218 5923 1327 5996 aliquod
1341 5922 1430 5995 majus
1444 5919 1610 5985 Ιιιίιιιίεεειιι,
1621 5917 1644 5972 si
1656 5915 1759 5972 diutius

1100 6011 1276 6077 mansissem
1298 6018 1326 6067 ct
1339 6024 1415 6066 nunc
1430 6008 1512 6065 etiam
1527 6022 1583 6063 uou
1594 6004 1687 6061 videor
1704 6003 1770 6058 milti
1785 6018 1828 6058 su·

1754 6092 1825 6154 litus.

1372 6176 1500 6270 ιποιιζ

1046 6350 1650 6422 ΜΜΜΜΜ.,“
