4084 8009
907 1501 1123 1561 mentuunt.

210 1631 305 1687 senius
317 1630 391 1685 Viol.
408 1648 436 1704 p.
462 1647 527 1697 ιοι,
546 1625 574 1684 e't
594 1628 778 1701 conjecerant
796 1633 997 1690 Valckenarius

213 1717 431 1791 Iacobsiusque.
446 1717 541 1773 Nostri
553 1715 621 1772 libri
635 1718 777 1774 Stobaeani
794 1708 842 1777 εἶτ’
856 1710 909 1779 niv.

482 1841 729 1902 ΚΑΝΗΦΟΡΟΣ.

253 1963 287 2016 ln
299 1959 371 2030 fine,
389 1978 454 2035 pag.
470 1961 527 2030 26,
550 1962 623 2018 adde
646 1982 758 2021 versum
776 1984 862 2041 quem
878 1972 997 2046 Harpo-

212 2049 304 2104 cratio
325 2050 462 2123 respexit,
478 2066 495 2103 a
509 2048 665 2105 Grammat.
690 2052 809 2109 Bellieni
824 2056 875 2115 An.
890 2076 921 2132 p.
939 2057 996 2116 353

211 2136 261 2194 fin.
276 2149 439 2193 servatum:
456 2135 520 2215 φησί
531 2135 582 2216 γὰρ
595 2141 610 2197 θ
624 2139 739 2215 κωμικὸς

261 2246 315 2347 [5]
328 2262 421 2344 Γραῦς
436 2277 484 2330 τις
493 2252 664 2345 κακολόγος
679 2258 712 2323 le
726 2248 809 2324 δυοῖν
824 2258 994 2343 Δῖξωνίοιν,

213 2402 362 2481 Explicuit
378 2405 515 2481 llergkius
523 2406 694 2465 Comnrentt.
709 2426 739 2484 p.
756 2409 804 2476 84.

445 2541 776 2608 ΚΟΤΤΑΒΙΖΟΥΣΑΣ.

211 2686 243 2744 p.
267 2664 305 2721 30
324 2682 401 2720 nune
420 2663 496 2720 delet
513 2664 647 2736 Meinelr,
663 2665 732 2739 qnia
753 2667 844 2723 Orion
860 2669 889 2724 in
913 2670 995 2726 Gno-

213 2753 285 2812 mol.
301 2754 325 2822 l,
339 2752 374 2809 18
384 2752 429 2808 bis
439 2751 566 2809 versibus
582 2756 724 2829 praeponit
742 2753 772 2811 lx
784 2756 835 2812 τῶν
851 2757 995 2825 {iuvento-

213 2837 318 2915 μίνων,
333 2839 414 2915 quod
428 2840 498 2896 latet
518 2843 603 2896 etiam
619 2843 649 2897 in
662 2844 807 2918 scriptura
825 2846 926 2920 optimi
943 2866 996 2903 eo-

211 2929 286 2985 dieis
298 2929 379 2987 Stob.
393 2928 480 2985 Refer
494 2928 686 3005 fragmentum
701 2931 739 2986 ad
752 2931 976 3008 Κωνιιαζομίνας.

480 3052 732 3113 ΚΥΒΕΡΝΗΤΑΙ.

252 3166 452 3240 Fragmentum
480 3184 510 3234 a,
538 3183 569 3239 p.
597 3173 652 3235 80,
676 3166 716 3222 sic
738 3165 938 3242 integrandum
961 3189 996 3227 ex

212 3253 322 3313 Orione
335 3252 469 3310 Gnomol.
488 3253 570 3323 VIII,
593 3270 612 3326 9
631 3251 696 3327 (nbi
710 3254 813 3310 lemma
828 3254 858 3311 iv
873 3258 926 3313 τῶν
939 3257 993 3315 Κο·

212 3339 360 3417 θορνητῶν)
396 3351 424 3394 et
461 3340 615 3396 Plutarcho
646 3343 689 3397 De
726 3342 812 3397 animi
847 3347 993 3420 tranquill.

212 3449 243 3505 p.
260 3438 338 3499 471:

213 3549 267 3650 [a]
292 3548 359 3619 Οἷοι
371 3557 516 3619 λαλοῦσιν
532 3553 616 3629 ὄντες
630 3553 659 3618 οἱ
677 3553 844 3645 τρισάθλιοι

261 3659 393 3737 ἅπαντες
406 3658 436 3725 οἱ
453 3667 602 3751 φυσῶντες
616 3660 660 3750 ἐφ’
678 3663 795 3737 ἑαυτοῖς
813 3656 907 3753 μέγαί

261 3764 345 3832 αὐτοὶ
359 3762 416 3859 γὰρ
429 3768 483 3832 οὐκ
496 3763 598 3832 ἴσασιν
619 3764 779 3858 ἀνθρώπων
797 3769 890 3858 φύσιν.

237 3905 244 3917 ·
262 3869 364 3948 Οὗτος
379 3869 524 3967 μοοιάριος
534 3874 564 3937 ἐν
581 3872 674 3966 άγορᾷ
688 3867 862 3964 νομίζεται,

215 3972 235 4046 5
263 3969 377 4044 inin&
391 3975 494 4069 άνοίξη
507 3974 564 4055 τὰς
578 3977 681 4071 θύρας,
695 3978 879 4068 τρισάθλιος·

259 4086 333 4177 γονὴ
348 4083 598 4175 αρατοῖπάντιον,
613 4082 791 4171 ἐπιτάττει,
804 4084 917 4178 μάχετ’
929 4086 989 4155 άιί·

261 4188 323 4256 ’άπὸ
338 4187 486 4256 πλειόνων
502 4180 642 4275 ὀδυνᾶτ’,
657 4192 718 4284 ἐγὼ
729 4185 759 4257 δ’
777 4192 831 4258 ἀπ’
847 4184 972 4271 οὐθενός.

212 4316 250 4377 V.
270 4316 421 4374 ιλαλῶσιν
439 4317 564 4376 Meinelr.
580 4336 636 4394 pro
654 4317 797 4394 λαλοῦμεν.
821 4324 853 4377 V.
869 4321 921 4389 l,·6
941 4323 995 4378 ha·

211 4408 285 4464 beot
296 4405 375 4463 idem
393 4403 564 4463 Plutarchus
583 4405 627 4465 De
642 4408 710 4467 virt.
727 4417 756 4465 et
765 4410 816 4468 vit.
831 4427 861 4484 p.
882 4428 954 4479 roo,
973 4414 996 4467 E
1055 4458 1057 4461 ι

212 4504 241 4553 et
251 4495 386 4552 'I'ltemisb
403 4512 433 4570 p.
456 4491 534 4566 357,
552 4498 590 4554 D.
604 4498 694 4552 Versu
713 4497 729 4554 3
749 4498 841 4555 Orion
854 4485 926 4554 οὗτοι
941 4517 995 4574 pro

212 4581 300 4652 etot,
320 4592 349 4640 et
361 4602 390 4642 v.
405 4589 424 4650 Ις
439 4581 564 4661 ἀγοραῖς,
587 4585 695 4641 omissis
717 4582 833 4642 duobus
846 4588 996 4660 postremis

211 4691 247 4730 ex
258 4661 409 4728 Plutareho
419 4670 567 4747 suppletis.

469 4805 737 4867 ulzotufflvot.

252 4925 335 4988 Adde
346 4928 384 4985 ad
406 4927 509 5003 fragm.
527 4927 561 4998 6,
574 4945 642 5003 pag.
665 4926 721 4997 35,
737 4928 823 4983 alium
845 4929 939 4985 locum
959 4931 995 4987 ad

212 5015 287 5072 idem
302 5016 479 5089 colloquium
493 5016 591 5070 militis
600 5034 667 5071 oum
677 5017 747 5073 Geta
762 5016 882 5071 relatum
898 5018 996 5073 allei-

210 5102 297 5159 nekio
307 5144 315 5173 ,
326 5121 361 5159 ex
375 5104 491 5159 Hermia
506 5104 540 5157 ln
555 5102 679 5158 Platonis
697 5100 806 5159 Plraedr.
820 5122 850 5178 p.
867 5104 904 5175 76
914 5105 922 5179 (
931 5123 995 5160 eor·

211 5200 348 5248 necturna
361 5191 492 5247 Beltkero
505 5209 540 5246 ex
556 5190 621 5246 cod.
637 5190 683 5267 D)
697 5209 703 5245 :
726 5192 750 5246 oi
764 5187 812 5265 μίν
828 5188 879 5269 γάρ
893 5190 995 5247 ὑπίλα-

211 5275 258 5336 6ον
270 5276 363 5343 tutti<
378 5278 477 5352 φαῦλον
487 5275 517 5335 τὸ
527 5278 608 5355 iper,
629 5281 663 5342 ὡς
677 5276 849 5356 Ἐπίκουρος,
866 5276 997 5357 ὁρισάμε-

411 5446 630 5503 CANIS‘IIIUM
650 5447 798 5502 tenens.

588 5538 605 5588 6

212 5619 311 5678 Mulier
322 5618 415 5691 aliqua
428 5577 694 5692 οιολοᾱίοοοιροιιο
714 5626 742 5675 et
757 5626 843 5675 matre
862 5622 995 5760 AExopen·
1060 5693 1068 5707 ι

890 5705 929 5774 [ei
949 5721 991 5762 us.

444 5791 754 5849 GUBERNATORES.

591 5885 618 5935 χ
716 5881 724 5891 .

248 5965 350 6037 Quales
362 5974 445 6034 sunt,
456 5967 505 6039 qui
517 5965 668 6033 blaterant,
681 5965 722 6021 illi
732 5966 877 6023 miserrimi

246 6067 359 6120 omnes,
371 6052 414 6109 sni
426 6051 526 6110 llduoia
541 6067 674 6122 magnum
686 6052 837 6124 spirantes!

247 6138 297 6210 ipsi
311 6139 385 6195 enim
397 6139 525 6211 ignorant
538 6138 683 6196 bominum
694 6145 829 6194 naturam.

208 6289 214 6298 ,
245 6224 401 6283 Beatoslrie
414 6223 513 6303 inloto
528 6224 707 6290 existimator,

209 6318 226 6365 t»
244 6311 292 6370 sor
303 6312 348 6369 obi
360 6312 434 6371 iores
444 6314 597 6387 aperuerit,
609 6312 778 6409 miserqimns
794 6319 835 6368 ert
850 6332 857 6365 :

1766 1516 1819 1565 tot

1042 1655 1083 1699 νος
1098 1632 1176 1692 αὐτὸν
1190 1631 1247 1706 (τὸν
1258 1627 1356 1709 ἔρωτα)
1368 1628 1488 1688 σύντονον
1501 1628 1582 1710 ὄρεξιν
1593 1633 1748 1712 ἀφροδισίων
1759 1636 1825 1711 μετὰ

1042 1720 1146 1800 οἴστρου
1162 1719 1207 1777 καὶ
1219 1719 1378 1795 ἀδημονίας,
1391 1717 1460 1776 καὶὸ
1474 1716 1555 1776 εἰπὼν

1083 1842 1185 1922 [Ilipa
1199 1841 1250 1921 γὰρ
1265 1840 1336 1921 ὄγκῳ
1350 1841 1462 1921 γαστρὸς
1472 1840 1577 1910 αὔξεται
1591 1840 1701 1921 κθπρις,

1044 1980 1089 2015 και

1143 2110 1186 2122 -
1197 2066 1365 2139 Oirtrirtor’
1379 2069 1508 2161 ἠράσθης
1517 2120 1527 2152 ,
1536 2073 1634 2155 Ilm

1093 2199 1129 2252 Γ.
1147 2187 1196 2252 Οὐ
1209 2184 1266 2277 γὰρ
1276 2185 1469 2268 ἐνεπλήσθην,

1044 2339 1133 2419 φησίν.
1150 2341 1219 2413 Quae
1236 2339 1306 2414 quin
1319 2350 1397 2395 reete
1411 2338 1448 2396 ad
1466 2339 1541 2395 lianc
1559 2338 1683 2396 fabulam
1697 2342 1827 2400 retulerit

1043 2431 1087 2485 vir
1101 2430 1233 2499 eximius,
1250 2427 1373 2484 dubitari
1389 2428 1498 2501 nequit.

1083 2519 1164 2575 Idem
1195 2519 1353 2594 fragmento
1378 2537 1396 2590 9
1421 2514 1564 2573 voeabula
1596 2504 1634 2573 Ὦ
1660 2516 1827 2594 δυστυχής

1043 2607 1239 2683 praemittenda
1252 2607 1426 2677 observavit,
1439 2605 1547 2661 indicio
1565 2609 1741 2681 grammatici
1753 2610 1825 2666 Beli-

1042 2697 1152 2752 keriaui
1167 2715 1197 2771 p.
1218 2714 1291 2770 ¹¹9⁰
1308 2694 1361 2771 (ir.
1376 2696 1477 2753 incert.
1495 2692 1553 2762 456
1564 2695 1584 2770 i.

1341 2855 1527 2915 ntottolt.

1085 3015 1149 3088 l‘ag.
1162 3013 1198 3081 43
1211 3011 1285 3068 adde
1299 3031 1306 3067 ι
1325 3012 1414 3069 Orion
1428 3011 1563 3069 Gnomol.
1578 3012 1705 3091 v111,¹5.

1093 3124 1169 3224 [ιο]
1184 3130 1253 3196 Οὐκ
1266 3129 1348 3195 ἔστιν
1361 3132 1452 3220 εὑρεῖν
1468 3126 1531 3214 βίον
1547 3123 1797 3206 οἷλυπονούθενός.

1043 3278 1139 3332 Exstat
1153 3275 1227 3330 inter
1240 3274 1363 3329 Monost.
1378 3280 1446 3348 419.

1083 3363 1252 3419 scholiastes
1272 3358 1454 3435 llippoeratis
1467 3358 1560 3416 editus
1580 3377 1596 3415 a
1618 3360 1826 3435 Darembergio

1043 3453 1156 3507 Noricos
1167 3463 1195 3506 et
1206 3451 1334 3505 Extraits
1344 3451 1381 3504 de
1394 3451 1463 3504 Mss.
1476 3448 1636 3517 me'dicuur,
1652 3450 1684 3517 I,
1695 3466 1726 3522 p.
1741 3448 1798 3504 205
1817 3468 1824 3505 :

947 3551 950 3558 .
1037 3533 1207 3615 ³0345wp0i
1218 3537 1227 3615 (
1237 3537 1292 3613 sie)
1305 3533 1323 3606 ἢ
1338 3533 1482 3609 άδαξοσμοί
1496 3533 1581 3611 (sic)·
1600 3532 1627 3591 ἔν
1642 3556 1694 3591 τισι
1705 3533 1756 3613 γὰρ
1769 3537 1823 3592 τῶν

1043 3625 1209 3705 σἰντιγράρων
1221 3622 1303 3690 οὕτως
1317 3621 1436 3700 εὕρομεν·
1451 3621 1501 3679 εἶσί
1510 3618 1561 3700 γάρ
1573 3621 1686 3698 κνησμοὶ
1702 3623 1761 3696 μετ’
1775 3624 1828 3701 lpt·

1044 3717 1155 3788 θισμοῖ,
1179 3714 1214 3778 ὡς
1238 3710 1284 3769 καί
1303 3711 1456 3787 Μένανδρος
1476 3708 1502 3765 ἐν
1528 3708 1633 3788 Πλοιιίορ
1660 3708 1731 3789 (sic)
1746 3710 1826 3790 ρησλν

1045 3801 1110 3880 [13]
1132 3799 1189 3858 «τὸ
1208 3797 1246 3875 μὴ
1265 3800 1326 3875 (vel
1339 3796 1424 3875 τομῆ)
1438 3793 1486 3862 τὰς
1505 3794 1598 3874 τρίχας
1615 3793 1696 3875 sipon
1718 3798 1826 3858 καὶτὸν

1046 3889 1126 3968 ρίπον
1153 3886 1238 3953 διδοὺς
1260 3886 1329 3944 πιεῖν
1362 3883 1500 3952 άνιδίξατο
1524 3882 1689 3958 (άνηδαξᾶτο
1711 3890 1827 3944 Darem·

986 3985 1005 4015 0
1043 3974 1139 4054 berg.)
1152 3972 1220 4032 ὥστι
1234 3971 1272 4048 μὴ
1288 3979 1367 4031 πιεῖν.
1390 3976 1459 4045 Quae
1478 3971 1631 4029 Diibnerns
1655 3974 1717 4029 heri
1738 3975 1825 4031 verba
1903 3965 1931 3983 ”

1043 4084 1102 4122 esse
1115 4075 1214 4139 putat,
1232 4064 1283 4136 qui
1298 4062 1437 4117 urbanam
1450 4061 1542 4116 vitam
1552 4079 1617 4115 eum
1629 4062 1732 4117 mistica
1746 4080 1825 4119 com·

1042 4162 1202 4208 mutaverat
1226 4149 1279 4226 (nt
1297 4168 1331 4205 ex
1347 4149 1507 4222 lragmento
1529 4145 1547 4202 6
1569 4147 1767 4223 intelligitur),
1789 4148 1826 4207 de

1043 4239 1118 4297 foetla
1132 4240 1286 4295 nrsncitate
1300 4236 1397 4292 iarunli
1409 4236 1572 4310 querentis:

1094 4413 1277 4434 .......
1303 4356 1357 4427 διὰ
1370 4362 1423 4427 τὸν
1440 4362 1531 4458 ράπον
1544 4352 1647 4437 litote

1091 4478 1171 4538 πιεῖν
1186 4465 1223 4537 ἂν
1236 4461 1380 4555 ἡδαξοῖά,
1396 4461 1485 4561 [ἔμ’]
1499 4472 1578 4533 ὥστε
1593 4470 1634 4558 μὴ
1650 4473 1743 4532 πιεῖν.

1042 4614 1135 4671 Prima
1151 4611 1382 4669 Schneidewinns
1393 4609 1540 4666 scribebat
1558 4629 1564 4663 :
1580 4605 1633 4664 ὅδὲ
1643 4605 1741 4681 μεστὰς
1756 4604 1826 4687 [τὰς]

1042 4692 1134 4780 τρίχας
1149 4697 1241 4779 Ιέρίιον
1256 4697 1299 4755 διὰ
1312 4694 1357 4755 τὸν
1376 4697 1402 4774 ρ.
1422 4707 1492 4766 ete,
1510 4696 1636 4772 ngerus
1651 4694 1744 4773 τρίχας
1758 4695 1824 4753 σαί·
1877 4777 1884 4790 .

1043 4811 1094 4948 -ρων
1302 4898 1569 4959 ΠΩΛΟΥΜΕΝΟΙ.

1082 5018 1149 5092 Pag.
1166 5015 1203 5081 tl
1218 5015 1314 5071 adde:
1329 5018 1497 5087 Anonymns
1511 5030 1560 5088 ap.
1576 5013 1702 5072 Cramer.
1715 5011 1823 5070 Anecd.

1041 5106 1135 5162 Onon.
1153 5105 1213 5162 vol.
1230 5104 1281 5175 lv,
1296 5122 1327 5177 p.
1348 5102 1416 5173 310,
1437 5108 1473 5167 ai
1492 5119 1499 5158 :
1519 5097 1651 5176 μέμνηται
1665 5103 1712 5157 τοῦ
1727 5096 1825 5172 ὀνόμα-

1041 5191 1175 5267 τος(οοίΙ.
1192 5187 1235 5272 [5]
1256 5186 1512 5269 γραμματικὸς)
1535 5187 1687 5266 Μένανδρος
1708 5190 1734 5245 ἐν
1761 5187 1824 5244 Ileo-

1040 5276 1184 5354 λουμένοις.

1077 5462 1146 5505 uxor
1157 5447 1292 5519 gubemat
1302 5445 1410 5512 omnia,
1425 5444 1554 5517 imperat,
1568 5442 1655 5514 lingat
1667 5456 1770 5512 usque;

1078 5532 1147 5590 hiea
1159 5533 1283 5607 pluribus
1298 5532 1388 5599 dolet,
1405 5545 1455 5602 ego
1465 5544 1528 5586 vero
1540 5527 1575 5585 nb
1588 5545 1617 5584 re
1630 5527 1714 5584 nulla.

1350 5648 1517 5709 (lutosus.

1077 5872 1113 5884 -
1128 5846 1172 5898 An
1183 5854 1325 5913 nonquam
1335 5749 1554 5907 militina?

1041 5934 1075 5990 G.
1088 5934 1182 6002 Neque
1196 5929 1270 5987 enim
1280 5944 1400 6002 unquam
1414 5925 1532 5999 repletos
1545 5924 1597 5980 toi.

1306 6052 1309 6058 '
1358 6048 1507 6107 noritur.

1103 6224 1139 6280 ob
1151 6221 1247 6280 sordes
1258 6221 1321 6291 itte,
1332 6220 1381 6279 ubi
1393 6141 1477 6278 tiabat
1489 6219 1558 6277 mibi

1045 6310 1153 6380 bibere,
1169 6305 1447 6378 soabemserolebat,
1463 6308 1500 6366 ita
1510 6322 1562 6382 ego
1572 6321 1627 6365 non
1639 6305 1767 6362 biberent.
