4084 8009
893 1531 1085 1592 euentus,

552 1683 596 1720 10.

216 1774 320 1832 llthen.
346 1793 376 1843 2,
398 1794 427 1849 p.
448 1774 497 1844 43,
521 1775 564 1831 C:
594 1772 624 1831 τὸ
647 1770 717 1851 ύδωρ
744 1776 864 1851 ποταμοῦ
885 1776 962 1849 σῶμα

175 1861 240 1941 φησί
254 1884 303 1919 που
318 1862 352 1921 Ε.
365 1864 379 1919 ὁ
391 1860 587 1940 κωμῳδιοποιὸς
599 1859 730 1941 εἰρηκέναι
743 1863 905 1942 Χαιρήμονα
917 1861 961 1919 τὀν

175 1972 310 2028 τραγικον,

224 2062 299 2134 Επεὶ
313 2059 348 2132 δὲ
362 2077 462 2139 σηκῶν
480 2062 639 2161 περιύολδις
655 2063 835 2158 ἠμείψαμεν,

222 2164 321 2239 ύδατά
334 2199 385 2257 τε,
402 2184 541 2266 ποταμοῦ
557 2181 664 2264 σῶμα,
681 2169 880 2264 διαπεράσιμ’
900 2168 948 2255 ἦν,

221 2283 329 2373 χήμῶν
345 2272 378 2347 δέ
400 2282 486 2345 πάσα
500 2272 626 2370 δύναμις
639 2270 760 2345 ὑδάτων
773 2270 906 2372 ἄρδεται.

175 2411 263 2464 Versu
275 2426 292 2462 u
308 2418 337 2464 et
352 2407 368 2463 3
386 2407 455 2463 libri
475 2403 545 2484 ὕδωρ
559 2426 588 2462 τε
602 2426 632 2461 π.
651 2427 679 2465 ο.
693 2403 904 2484 διεπεράσαμεν,
918 2402 963 2461 καί

173 2497 249 2570 ἡμῶν
264 2493 291 2552 δέ
303 2516 331 2554 π.
347 2495 373 2552 δ.
390 2492 416 2563 ἐξ
427 2493 530 2553 ὑδάτων
545 2494 585 2566 ά,
602 2497 632 2551 ἰιι
645 2496 751 2569 quibus
764 2493 833 2573 ὕδωρ
847 2496 962 2553 videtur

173 2600 230 2639 esse
242 2583 379 2657 glossema
389 2585 434 2639 τοῦ
448 2580 543 2654 ὕδατα,
558 2602 611 2639 nec
623 2583 772 2639 ferendum
786 2582 853 2640 διεπ.
860 2624 870 2653 ,
881 2602 961 2657 quast

173 2688 204 2726 re
227 2681 305 2740 acta,
324 2689 414 2744 quum
432 2669 477 2726 illi
497 2671 626 2727 nondum
647 2672 807 2728 transierint
825 2669 958 2745 fluvium,

172 2756 221 2815 sed
240 2759 318 2814 ineo
332 2759 407 2832 sint,
421 2769 453 2813 ut
471 2758 502 2815 id
518 2760 636 2829 fuciunt3
656 2760 826 2815 inconcinna
843 2760 895 2813 isto
916 2757 962 2815 καὶ

173 2848 247 2921 ἡμῶν
261 2844 306 2921 (in
317 2846 420 2922 quibus
429 2844 476 2905 καί
490 2848 580 2917 valet,
595 2846 676 2921 quod
691 2860 774 2922 atque
783 2847 860 2922 apud
872 2845 959 2903 Plau-

172 2944 231 2990 tum
248 2936 368 3010 Epidico
385 2955 468 2992 versu
490 2934 564 3005 208,
585 2936 635 2991 ubi
651 2954 679 2993 ν.
696 2932 784 3011 nnn.)
799 2937 890 2991 miror
905 2947 960 2991 tarn

173 3023 329 3079 diurelicta
340 3042 414 3093 esse;
431 3025 467 3079 ab
483 3026 638 3098 interprete
649 3023 820 3099 adscriptum
837 3021 862 3089 ἐξ
883 3024 961 3080 dele-

171 3112 213 3164 vit
230 3111 389 3185 Schweigb.
407 3114 450 3169 De
468 3110 495 3167 li
513 3113 673 3187 emphatico
694 3131 723 3166 v.
746 3131 812 3170 ann.
824 3113 860 3167 nd
872 3113 959 3186 Soph.

173 3200 214 3255 El.
231 3219 277 3270 οφ.
296 3201 426 3256 Ceterum
445 3202 568 3261 bleinek.
584 3204 623 3257 ita
642 3202 677 3258 de
694 3202 749 3257 hoc
764 3201 799 3259 fr.
823 3198 932 3256 disserit
952 3217 959 3259 :

175 3313 187 3334 «ι
205 3289 269 3344 Duo
283 3290 394 3363 priores
405 3308 518 3361 versus,

211 3398 289 3461 Ἐπεί
303 3400 331 3459 δέ
343 3404 431 3473 σηκῶν
443 3401 585 3481 περιύολδς
599 3400 762 3482 ἠμείψαμεν,

211 3486 280 3567 ὕδωρ
293 3511 338 3566 τε,
355 3494 475 3565 ποταμοῦ
489 3493 583 3567 σῶμα,
599 3490 801 3568 διεπεράσαμεν,

170 3602 360 3658 Chaeremonis
375 3605 474 3677 tragici
490 3622 549 3659 esse
563 3605 613 3658 vix
625 3603 757 3659 dubitare
768 3602 843 3660 licet.
856 3600 959 3656 Eubuli

170 3701 266 3744 nutem
286 3692 401 3761 locum,
418 3692 448 3745 in
461 3708 520 3763 quo
535 3692 629 3765 ipsum
652 3690 722 3746 illud
741 3691 861 3763 ποταμοῦ
876 3689 954 3761 σῶμα

171 3780 312 3851 irriserat,
338 3797 391 3852 per
414 3780 634 3854 epitomatorem
657 3777 793 3835 excidisse
815 3779 955 3852 suspicor.

170 3867 279 3922 Tertius
292 3884 390 3922 versus
405 3866 522 3922 sortasse
538 3885 633 3941 neque
651 3866 840 3924 Cbaeremonis
853 3875 894 3921 est
905 3883 958 3921 ne-

169 3972 227 4026 que
239 3954 353 4012 Eubuli.
372 3955 497 4011 Eustntb.
512 3974 543 4030 p.
562 3953 647 4025 1545,
667 3955 703 4022 43
720 3974 726 4007 :
746 3951 775 4009 τδ
790 3950 816 4009 δὲ
830 3953 856 4016 ἐς
875 3972 958 4008 ποτα·

171 4045 223 4115 μοῦ
235 4037 351 4121 προχοὰς
366 4039 423 4097 ἀντὶ
434 4045 480 4098 τοῦ
492 4042 535 4105 -είς
546 4040 576 4099 τδ
589 4044 667 4115 σῶμα
684 4044 729 4098 τοῦ
746 4044 898 4116 ποταμοῦ...
915 4041 955 4098 ἐν·

170 4132 253 4185 ταῦθα
266 4127 293 4186 δέ
307 4126 437 4206 χρήσιμον
448 4128 479 4184 τὸ
498 4156 511 4179 ι
520 4127 596 4188 Ἐπεὶ
606 4128 633 4185 δέ
644 4149 705 4188 σ....
720 4126 912 4205 διεπεράσαμεν
924 4154 955 4195 ν,

169 4214 186 4272 δ
200 4215 232 4287 δὴ
247 4216 415 4294 Χαιρήμονος
428 4218 534 4294 λέγεται
546 4207 613 4274 εἶναι
626 4220 670 4274 τοῦ
687 4219 822 4294 τραγικοῦ.
841 4241 854 4266 ν

541 4353 553 4389 1
563 4353 571 4388 ι
580 4376 587 4391 .

212 4444 255 4503 lb.
266 4447 305 4503 F:
318 4447 351 4501 E.
369 4471 380 4495 ι
394 4443 538 4524 εὑρετικούς
546 4464 611 4521 φησι
620 4440 725 4521 τὸῦδωρ
735 4449 819 4499 ποιεῖν
833 4440 892 4506 τοὺς
907 4442 957 4499 πί-

171 4553 263 4596 νοντας
276 4531 339 4589 αύτδ
353 4531 447 4609 μόνον,
467 4532 511 4590 τὸν
532 4532 554 4590 δ’
568 4522 634 4589 οἶνον
647 4534 722 4606 ἡμῶν
732 4534 770 4609 τῷ
782 4536 884 4606 φρονεῖν
901 4531 956 4587 im·

172 4621 284 4677 ακοτεῖν.
300 4647 314 4670 ι
329 4618 362 4677 τὰ
385 4618 452 4678 cited
471 4618 499 4678 δέ
521 4619 631 4696 ῖαμύεῖα
653 4618 697 4677 καὶ
718 4615 850 4697 Ὠφελίων
869 4615 956 4696 φησίν.

171 4714 275 4767 Versus
287 4712 417 4767 restituas
426 4713 465 4767 ita
479 4710 643 4779 scribendo,

218 4815 304 4916 l'dtop
316 4825 404 4917 μόνον
417 4825 560 4902 πίνοντας
584 4827 749 4918 εὑρετικούς
769 4829 867 4905 ποιεῖ,

217 4936 234 4996 d
251 4923 278 4996 δ’
298 4927 377 5009 οἶνος
390 4937 475 5023 ἡμῶν
491 4942 535 5018 τῷ
550 4937 667 5023 φρονεῖν
681 4935 847 4996 ἐπισκοτεῖ.

169 5084 182 5109 ιι
200 5059 306 5114 Plinius
320 5062 355 5117 H.
369 5060 404 5117 N.
418 5058 465 5129 23,
489 5078 513 5129 r,
531 5057 567 5113 23
588 5077 595 5116 ε
618 5062 656 5113 In
669 5057 850 5132 proverbium
863 5058 950 5118 cessit,

170 5152 343 5221 sapientiam
355 5154 425 5204 vino
439 5148 611 5202 obumbrari.
626 5148 755 5220 Hyginus
772 5148 886 5201 Astron.
906 5159 955 5214 29,

169 5254 199 5308 p.
214 5241 269 5302 404
286 5255 293 5291 :
309 5237 433 5291 Eubulus
448 5247 542 5290 autem
560 5234 708 5309 Cecropem
719 5235 890 5287 deuronstrat
900 5248 958 5285 esse

171 5323 336 5398 (aquarium
347 5320 372 5400 l,
394 5328 590 5397 antiquitatem
612 5327 724 5396 generis
743 5336 959 5375 commemorans

169 5422 198 5464 et
210 5413 356 5467 ostendens
371 5432 378 5467 :
390 5424 540 5486 antequam
558 5417 653 5466 uiuum
672 5410 802 5466 traditum
814 5413 851 5463 sit
863 5408 958 5463 bomi-

546 5586 589 5634 10.

173 5685 320 5753 Postquam
334 5697 398 5740 vero
411 5692 550 5757 septorum
562 5683 682 5740 ambitus
691 5681 793 5754 egressi
808 5696 920 5748 sumus,

172 5776 295 5843 stoque,
314 5770 390 5827 ssusii
405 5787 504 5844 eorpus
516 5812 523 5839 ,
536 5771 702 5828 transeunda
713 5770 779 5839 fuit,

172 5866 253 5931 atque
265 5858 304 5915 vis
317 5860 409 5917 omnis
419 5868 514 5917 nostra
529 5868 651 5917 recreato
663 5867 705 5917 est
716 5860 804 5932 aquis.

549 5970 592 6020 li.

174 6071 254 6139 Aqua
267 6082 329 6135 eos,
344 6069 393 6141 qui
403 6067 615 6138 solemnium,
627 6066 896 6133 inventoresreddi13

174 6153 266 6210 riuum
278 6163 370 6211 autem
381 6154 460 6212 nobis
475 6163 596 6211 mentem
608 6154 763 6211 obumbrat.

541 6246 584 6297 12.

174 6359 199 6399 a.
213 6346 398 6419 Poneseptem
413 6345 547 6403 lectorum
557 6347 716 6404 tentorium.
729 6346 757 6403 b.
770 6349 811 6403 Eo
823 6345 958 6420 positum!

1738 1542 1797 1595 tus

1009 1666 1103 1731 nibus,
1123 1683 1198 1738 aqua
1213 1670 1241 1719 in
1254 1664 1401 1738 sacrificiis
1412 1666 1526 1721 deorum
1540 1684 1603 1721 tuos
1622 1686 1681 1722 esse
1692 1680 1719 1721 et
1729 1681 1797 1723 ante

955 1773 961 1791 ι
1009 1771 1141 1827 regnasse
1160 1753 1310 1826 Cecropem
1333 1772 1417 1826 qaam
1431 1759 1528 1809 vinum
1544 1761 1581 1809 sit
1596 1760 1735 1811 inventum
1752 1758 1799 1810 :si

1010 1841 1169 1896 tameobaec
1179 1849 1257 1897 recte
1269 1839 1305 1895 ad
1318 1841 1461 1895 Eubulum
1470 1843 1612 1896 comicum
1621 1842 1797 1897 retulimus.-

1009 1932 1086 1988 EM.
1819 1929 1828 1940 “

1381 2042 1429 2081 ιε.

1049 2136 1094 2195 lb.
1108 2155 1138 2212 p.
1153 2142 1203 2207 47,
1212 2132 1250 2191 F:
1264 2131 1304 2193 dn
1316 2132 1344 2191 δέ
1356 2132 1402 2192 καλ
1412 2132 1537 2215 τρίκλινοι
1551 2122 1634 2207 οἶκοι,
1646 2134 1690 2192 καί
1704 2135 1798 2212 τιτρά·

1008 2223 1106 2296 κλινοι,
1121 2228 1165 2281 καὶ
1178 2223 1346 2294 ἑπτάκλινοι,
1359 2222 1406 2282 καί
1424 2222 1495 2281 κατὰ
1512 2222 1572 2291 τοῦς
1583 2222 1640 2296 ίξῆς
1654 2222 1796 2303 ἀριθμούς,

1007 2300 1076 2381 ἦσαν
1090 2308 1165 2391 παρά
1174 2318 1228 2377 τοῖς
1239 2312 1412 2377 παλαιοῖς....
1424 2312 1459 2371 Ε.

1056 2445 1086 2485 α.
1102 2419 1157 2494 eie
1170 2417 1364 2486 ἑπτάκλινον.
1385 2422 1416 2503 β.
1440 2414 1636 2497 Ἑπτάκλινος
1651 2419 1768 2486 οὑτοσί.

954 2587 960 2597 ,
1055 2522 1790 2621 α.ΚαὶπίντεκλίναςΣικελικάς,βλέγόἷλλοτι.

1056 2657 1084 2696 α.
1102 2628 1240 2698 Σικελικὰ
1254 2635 1480 2722 προσκεφάλαια
1497 2634 1601 2697 πέντε.

1006 2763 1050 2820 Ci.
1072 2763 1226 2836 Phrynichi
1246 2765 1349 2821 Incert.
1371 2763 1402 2836 5,
1421 2764 1476 2818 hoc
1495 2764 1597 2819 eodem
1612 2763 1677 2819 loco
1697 2764 1795 2823 lauda·

1007 2861 1078 2912 tum.
1097 2840 1174 2911 Οἶκοι
1193 2853 1297 2925 passim
1312 2862 1377 2907 sunt
1390 2852 1534 2920 cubicula,
1552 2852 1600 2906 hic
1621 2862 1716 2908 autem
1731 2864 1793 2907 ten-

1006 2945 1091 3007 toria,
1112 2950 1144 2994 ut
1159 2942 1245 2998 Hom.
1262 2939 1346 2995 Iliad.
1363 2946 1412 3010 ο4,
1428 2946 1501 3012 47ι,
1518 2940 1575 2993 cito
1588 2939 1635 2995 illa
1647 2940 1792 3013 ponenda.

1006 3026 1162 3081 bleinelius
1179 3046 1185 3080 :
1205 3051 1217 3075 ι
1237 3029 1279 3081 Ex
1295 3027 1393 3082 cadem
1409 3025 1511 3080 fabulae
1525 3042 1610 3080 sceno
1629 3028 1719 3099 petita
1733 3045 1790 3082 esse

1005 3114 1139 3168 videntur
1152 3132 1214 3187 quae
1228 3114 1330 3169 Athen.
1347 3133 1378 3188 p.
1396 3120 1446 3186 49,
1467 3113 1505 3180 C,
1525 3114 1664 3183 servarit,
1682 3114 1733 3169 ubi
1756 3114 1793 3170 de

1007 3201 1169 3274 tripodibus
1181 3201 1240 3274 agit
1256 3218 1263 3258 :
1281 3201 1328 3271 E,
1344 3225 1356 3249 α
1376 3199 1502 3279 Τρίποδες
1515 3188 1586 3257 οῦτοι
1600 3196 1677 3257 πέντε
1692 3221 1732 3258 σοι
1746 3199 1791 3257 καλ

1005 3284 1092 3343 πέντε.
1111 3289 1137 3364 β.
1163 3285 1407 3363 ΙΙεντηκοοτολύγος
1428 3284 1613 3362 γενήσομαι.»
1635 3290 1703 3360 Quae
1725 3288 1792 3343 vide

1005 3395 1042 3432 an
1057 3377 1096 3432 sic
1111 3375 1246 3451 conjungi
1257 3378 1365 3451 possint
1380 3394 1446 3432 curn
1455 3374 1670 3450 superioribus,
1688 3395 1714 3429 v.
1731 3375 1769 3432 3:

1054 3517 1085 3557 α.
1102 3488 1244 3557 Σικελικὰ
1266 3491 1493 3583 προσκεφάλαια
1512 3492 1613 3555 πέντε.
1635 3486 1689 3580 (β.
1715 3492 1789 3582 Λέγ’

1680 3599 1789 3687 ἕτερον.

1054 3729 1085 3768 α.
1113 3701 1179 3768 Καὶ
1193 3705 1283 3768 πέντε
1302 3695 1480 3795 τρίποδας.)
1497 3705 1529 3787 β.
1545 3694 1691 3793 Τρίποδες
1709 3702 1792 3769 οὗτοι

1620 3810 1711 3874 πέντε
1727 3834 1788 3876 σοι.

1053 3941 1082 3981 α.
1103 3915 1169 3981 Καὶ
1185 3917 1275 3982 πέντε
1291 3953 1337 3964 -
1357 3918 1389 4000 β.
1403 3915 1689 4007 Πεντηκοστολόγος
1705 3918 1776 4006 *seri

1651 4044 1751 4111 θῦμαί.
1771 4045 1787 4077 >l

1378 4141 1423 4199 ιδ.

1044 4256 1087 4310 lb.
1102 4276 1132 4331 p.
1147 4255 1195 4325 52,
1209 4256 1248 4325 Β,
1261 4257 1311 4311 ubi
1332 4256 1368 4311 de
1380 4252 1485 4331 καρύοις
1496 4258 1609 4331 egitur:

1051 4418 1099 4432 —-
1115 4382 1257 4472 Φηγεὺς,
1274 4378 1369 4473 κάρυα
1385 4382 1551 4469 Καρύστια.

1377 4515 1423 4574 14.

1043 4619 1089 4676 lb.
1102 4638 1134 4694 p.
1147 4616 1197 4690 65,
1216 4621 1239 4674 E
1255 4638 1263 4677 ι
1279 4616 1319 4674 ὅτι
1332 4615 1362 4674 εδ
1374 4613 1540 4695 στρουθάριον
1560 4613 1624 4694 παρ’
1641 4614 1728 4681 ἄλλοις
1743 4639 1788 4689 τε,

1003 4705 1049 4762 καὶ
1060 4703 1122 4783 παρ’
1133 4700 1259 4783 Εὐβούλῳ
1272 4701 1497 4784 «Περδέκιαλάύε
1506 4702 1610 4783 τέτταρ’
1619 4701 1637 4772 ἢ
1645 4703 1690 4760 καί
1700 4704 1789 4774 πέντε,
1851 4778 1856 4785 ¹

1004 4794 1152 4860 δασύποδας
1166 4801 1251 4872 τρεῖς,
1269 4788 1426 4871 σερουθάριά
1439 4793 1463 4849 δ’
1476 4780 1528 4848 οἷον
1543 4794 1687 4869 ἐντραγεῖν,
1705 4792 1790 4848 άιιαν-

1003 4883 1137 4954 tulitin,
1154 4879 1310 4959 βιττάκους,
1332 4877 1437 4951 σπίνια,
1452 4878 1618 4955 κερχνῇδας,
1634 4877 1667 4936 τά
1681 4881 1706 4935 τ’
1718 4878 1789 4949 ἄλλ’,

1005 4971 1060 5029 ἅττ’
1080 4969 1112 5028 ἂν
1137 4967 1271 5047 ἐπιτύχῃς.
1287 4994 1300 5020 ι
1316 4972 1418 5027 Versus
1435 4970 1476 5025 itu
1499 4971 1644 5040 restituas,
1667 4990 1790 5044 quorum

1005 5063 1063 5118 duo
1072 5062 1183 5135 priores
1193 5057 1351 5115 secundum
1359 5059 1445 5115 Mein.
1462 5075 1469 5111 :

1052 5165 1196 5266 Περδίκια
1212 5166 1290 5238 λάύε
1304 5173 1428 5262 τέτταρ’
1441 5169 1460 5244 ἢ
1485 5170 1537 5236 καὶ
1547 5173 1659 5255 πέντε,
1681 5173 1731 5237 καὶ

1058 5286 1139 5371 τρεῖς
1160 5268 1350 5360 δασύποδας,
1364 5275 1539 5369 στρουβάριά
1557 5277 1583 5343 δ’
1606 5272 1666 5342 οἷον
1688 5281 1791 5365 ε’ντρα.

1708 5390 1789 5473 γεῖν,
1804 5465 1807 5473 ¹

1002 5585 1027 5625 n.
1041 5573 1076 5625 Et
1087 5568 1209 5641 quinque
1224 5565 1307 5623 lectos
1318 5564 1480 5622 Sicilienses.
1498 5562 1525 5619 b.
1538 5564 1608 5620 Jube
1621 5563 1684 5620 alia.

1002 5671 1028 5711 a.
1044 5654 1188 5712 Cervimlia
1196 5653 1318 5725 quinque
1331 5651 1493 5708 Siciliensis.
1508 5651 1556 5717 (b.
1569 5652 1621 5706 Dic
1632 5650 1717 5707 uliud.

1003 5759 1029 5797 ο.
1041 5745 1076 5797 Et
1086 5741 1207 5813 quinque
1215 5737 1344 5811 tripodes.
1355 5743 1365 5804 )
1377 5736 1404 5792 b.
1418 5740 1458 5793 En
1469 5737 1516 5793 tibi
1528 5735 1648 5806 tripodes
1658 5738 1788 5810 quinque.

1004 5844 1030 5883 a.
1044 5830 1078 5883 Et
1088 5828 1245 5898 quinque-
1254 5824 1281 5880 b.
1294 5823 1354 5880 vab
1364 5828 1371 5878 t
1381 5822 1632 5897 pentecostologum
1643 5839 1687 5881 me
1697 5824 1789 5881 facies

1005 5998 1136 6065 Glande,
1151 6011 1235 6053 nuces
1246 5915 1420 6069 mmsis.

1005 6169 1131 6228 Perdices
1142 6183 1221 6225 sume
1230 6087 1422 6240 qunttuonlil
1437 6168 1517 6224 etiam
1530 6167 1665 6239 quinque,

1006 6269 1033 6318 et
1045 6269 1099 6315 tres
1110 6259 1228 6330 lepores,
1241 6264 1269 6313 et
1282 6255 1470 6329 passerculos,
1486 6264 1552 6328 quot
1561 6257 1699 6313 subiciant
1713 6271 1788 6318 rnen·

1577 6350 1632 6413 {sse
1644 6344 1787 6412 secunde,
