4084 8009
1782 1528 2296 1589 ANTIPHANES.

3545 1545 3648 1595 aot

419 1685 543 1723 scas
569 1662 804 1734 ἑλώδεις,
839 1666 1162 1739 pabulas-os,
1201 1667 1452 1731 limosos,
1495 1665 1687 1737 quales
1726 1667 1995 1739 piscatrix
2034 1694 2038 1726 ι
2087 1664 2281 1723 τούτοιν
2311 1665 2356 1723 δ’
2383 1658 2446 1737 ἦν
2476 1666 2696 1744 ἐραστὴς
2724 1668 2885 1736 αὐτῆς
2916 1664 3123 1732 Κώῧιός
3159 1689 3234 1731 τις
3271 1666 3452 1741 ὄνομα.
3483 1672 3662 1727 Simul

419 1774 653 1820 veretur
674 1780 748 1818 ne
765 1762 1067 1817 videantur
1089 1762 1261 1837 sepiae
1274 1803 1290 1832 ,
1319 1762 1477 1835 quasi
1497 1780 1529 1818 e
1548 1762 1757 1836 palude
1780 1764 1994 1835 aliqua,

419 1869 542 1906 non
583 1867 616 1905 e
657 1850 837 1920 mari,
876 1851 1091 1923 petitae.
1145 1846 1478 1924 Ταυτολόγον
1529 1868 1716 1922 neque
1757 1851 1996 1906 similius
2029 1875 2030 1883 ¹

419 1937 720 2012 scriptura
758 1936 1031 1993 codicum
1059 1948 1144 1993 est
1176 1934 1457 2006 ἀλούτους,
1501 1936 1663 2011 quod
1685 1947 2001 2010 posuerunt

419 2026 533 2081 viri
567 2025 728 2081 docti
763 2044 778 2081 t
816 2046 867 2096 ε,
897 2045 983 2096 αι,
1010 2046 1083 2099 α,
1124 2027 1376 2099 itemque
1403 2043 1462 2080 ου
1493 2036 1553 2081 et
1579 2045 1624 2081 ω
1664 2025 1832 2080 facile
1859 2044 2002 2080 con-

418 2113 760 2185 funduntur,
809 2133 853 2178 ις
891 2124 1081 2169 autem
1121 2115 1378 2188 rapuerit
1425 2131 1540 2170 vox
1599 2111 1823 2184 σηπίας,
1875 2132 2001 2188 quae

419 2204 683 2277 sequitur
711 2198 1187 2276 (ἕλωδεισσήπιας,
1219 2200 1576 2271 ἐλωδεσηπιας
1591 2196 1632 2278 ).
1654 2205 1720 2260 V.
1742 2198 1799 2259 5.
1825 2225 1850 2251 ι
1874 2199 2002 2260 Κά-

422 2287 548 2369 ραό
557 2311 648 2361 ος,
679 2289 900 2347 locusta
918 2327 936 2361 ,
957 2300 1162 2345 notum
1189 2288 1612 2350 Callimffliontis
1631 2290 1876 2344 oratoris
1898 2307 2002 2344 co-

419 2397 672 2457 gnomen
700 2367 822 2449 e'st,
858 2398 1031 2455 quem
1059 2397 1237 2454 quum
1266 2378 1338 2435 ad
1370 2377 1638 2434 maenidas
1678 2379 1877 2453 seponi
1913 2375 2002 2449 ju·

421 2470 524 2527 bet
541 2514 558 2542 ,
579 2488 652 2526 eo
670 2469 925 2526 indicare
946 2470 1158 2539 voluit,
1186 2486 1318 2524 eum
1334 2485 1458 2523 rem
1478 2467 1688 2523 habere
1711 2486 1845 2523 eum
1871 2469 2006 2523 Ματ-

420 2558 561 2615 nide
575 2560 896 2616 meretrice.
929 2557 1087 2616 Vidit
1106 2556 1221 2614 hoc
1254 2557 1574 2632 Schweigh.
1614 2559 1789 2614 Recte
1815 2566 2005 2613 autem

422 2647 637 2721 legitur
660 2642 882 2716 ἀπόδος,
913 2645 1074 2719 quod
1094 2654 1177 2701 est
1208 2664 1367 2700 suum
1394 2646 1484 2699 illi
1521 2646 1700 2699 locum
1733 2650 1993 2720 assigna,
2038 2662 2041 2670 ·

423 2732 746 2807 frustraque
774 2731 988 2789 Coraes
1010 2733 1267 2789 tentabat
1288 2728 1480 2797 ἐπίδος.
1509 2758 1534 2785 υ
1564 2732 1643 2791 Μ.
1669 2736 1737 2791 V.
1768 2734 1806 2789 6
1833 2733 2005 2806 vulgo

421 2815 488 2889 νὴ
522 2817 631 2896 Δί’,
657 2808 704 2877 ὦ
730 2822 834 2879 Ζεῦ
862 2816 940 2885 τίς
966 2841 1049 2892 π.,
1085 2808 1131 2878 ‹3⁹›
1170 2818 1392 2890 Καλλ’.,
1425 2821 1515 2876 bis
1550 2808 1596 2877 ὦ
1637 2823 1826 2896 posito
1865 2840 2001 2876 cum

422 2908 721 2979 vocativo,
751 2912 813 2965 in
834 2909 1031 2966 eadem
1055 2911 1348 2980 oratione,
1373 2928 1552 2983 quum
1577 2918 1769 2965 vocat.
1801 2911 2009 2984 passim

422 2998 579 3054 solus
604 2997 912 3068 inferatur,
946 2998 1104 3053 velut
1147 2996 1351 3071 odyss,
1390 2997 1494 3065 18,
1525 2996 1625 3066 61,
1663 2995 1798 3065 125,
1844 2997 1913 3053 11.
1955 3015 2007 3065 1,

427 3083 567 3157 503,
614 3098 726 3144 etc.
760 3088 830 3144 v.
876 3105 907 3157 7
946 3065 1180 3141 ubri'at
1230 3081 1463 3142 κατέδετ’
1505 3082 1646 3161 ἄρτι.
1693 3085 2009 3141 scribendo

424 3174 478 3231 σ’
502 3170 714 3232 ἐκάτεδέ
736 3174 788 3251 γ’
813 3171 935 3251 ἄρτι
976 3174 1280 3231 defunctus
1307 3193 1453 3230 sum.
1485 3175 1670 3230 Miror
1705 3174 1778 3229 de
1815 3174 2010 3230 futuro

424 3265 692 3341 cogitari,
714 3273 773 3320 et
793 3264 1045 3338 proponi
1087 3260 1210 3341 ἄρα.
1235 3266 1302 3321 V.
1351 3264 1387 3320 8
1417 3258 1472 3328 ὃς
1591 3259 1888 3337 συμὸολὰς,
1916 3269 2014 3337 qui

426 3370 541 3407 non
577 3352 673 3407 det
706 3352 989 3418 symbolas
1034 3350 1129 3428 (v.
1178 3353 1405 3408 Terent.
1437 3350 1615 3409 Andr.
1667 3370 1717 3421 1,
1761 3370 1813 3422 1,
1861 3351 2010 3427 61),

428 3451 703 3514 tanquam
729 3439 985 3515 locuples
1001 3481 1018 3508 ‚
1044 3458 1222 3514 quum
1257 3441 1330 3496 sit
1356 3440 1572 3495 inutilis
1591 3437 1802 3495 sodalis
1818 3480 1836 3508 ,
1870 3441 2015 3495 adu-

427 3528 614 3599 lator,
663 3528 840 3584 eoenis
882 3528 1203 3604 opibusque
1239 3530 1472 3603 patroni
1517 3528 1757 3585 inhians.
1793 3532 1863 3587 V.
1921 3546 2011 3585 ιο.

435 3643 464 3669 ι
498 3616 874 3676 Callisthenes
902 3618 1131 3673 videtur
1159 3617 1498 3689 Phalereus,
1541 3616 1635 3671 ille
1672 3618 1770 3689 qui
1807 3616 1915 3672 fuit
1955 3618 2017 3671 in

434 3717 574 3762 octo
602 3717 902 3763 oratorum
926 3722 1172 3763 numero
1193 3746 1210 3773 ,
1245 3722 1394 3781 quos
1422 3703 1745 3763 Alexander
1772 3703 1845 3763 ad
1869 3723 2010 3777 sup-

433 3796 674 3871 plicium
695 3794 1057 3870 depoposcit.
1086 3795 1344 3852 Eundem
1362 3794 1514 3852 ridet
1534 3813 1697 3850 novae
1721 3794 2015 3851 comoediae

436 3894 608 3960 poeta
635 3883 791 3959 apud
814 3883 1049 3941 suidam
1078 3902 1093 3940 ε

510 3976 604 4035 καὶ
630 3978 941 4059 φθειρῶααν
958 4018 977 4049 ’
1008 3978 1079 4043 ὣς
1112 3978 1141 4034 ὁ
1163 3977 1286 4054 πρὶν
1310 3975 1686 4047 Καλλισθένης·
1724 4002 1747 4027 ”
1783 3979 1960 4033 mem·
2046 3999 2049 4041 Ῑ
2108 4018 2389 4070 Homerus
2409 4014 2477 4070 11.
2513 4010 2605 4081 15,
2631 4012 2774 4088 408,
2795 4037 2821 4061 ι
2843 4012 3021 4088 quod,
3048 4013 3280 4086 opinor,
3306 4013 3676 4087 requirebant

432 4076 501 4133 V.
536 4094 599 4131 11
644 4076 939 4131 annotavit
983 4075 1302 4149 Schweigh.
1341 4072 1643 4149 significari
1677 4076 2013 4130 meretricu-

435 4164 549 4219 lam
565 4203 583 4233 ,
615 4165 711 4220 cui
744 4164 937 4236 Digla
955 4164 1074 4219 sive
1100 4164 1308 4237 Triglis
1327 4180 1541 4219 nomen
1565 4162 1755 4220 fuerit.
1779 4165 2015 4219 Versum

446 4268 517 4305 ια
553 4252 780 4326 roepicit
806 4252 1011 4309 Athen.
1056 4249 1153 4319 13,
1203 4270 1264 4326 p.
1312 4248 1451 4319 586,
1483 4255 1556 4318 A,
1608 4247 1923 4324 μνημονεύει
1962 4249 2008 4305 δ’

445 4334 607 4405 αὗτῆς
630 4327 912 4416 (Sinopen
928 4336 1102 4412 dicit)
1129 4334 1278 4396 Ἀντ.
1296 4337 1348 4393 ἐν
1375 4334 1482 4395 Ἁλ.
1505 4339 1643 4393 Eam
1664 4347 1835 4413 poeta
1856 4356 2013 4393 com·

439 4435 609 4500 parat
635 4443 766 4481 eum
789 4436 978 4483 vetere
998 4444 1246 4501 congre,
1265 4436 1331 4481 ut
1357 4444 1483 4499 quae
1510 4443 1582 4481 ne
1597 4436 1874 4500 provecta
1897 4426 2017 4499 qui·

441 4512 570 4568 dem
590 4523 752 4570 aetate
767 4515 1006 4570 scortari
1025 4515 1304 4581 desiisset3
1324 4533 1376 4567 v.
1390 4514 1595 4572 Athen.
1610 4515 1651 4568 l.
1674 4514 1713 4571 l.
1729 4516 1796 4571 V.
1819 4513 1889 4569 13
1905 4532 2016 4569 του-

447 4597 557 4658 τονὶ
572 4598 649 4666 τίς
667 4599 912 4660 Porson.
932 4613 988 4658 et
1003 4600 1326 4677 Schweigh.
1349 4621 1457 4678 pro
1474 4607 1654 4660 τοῦτον
1679 4599 1825 4666 εἴτις.
1849 4606 1920 4661 V.
1947 4624 1969 4660 1
1982 4610 2013 4670 4

442 4689 646 4747 Athen.
688 4691 727 4748 l.
758 4690 800 4745 l.
851 4710 913 4765 p.
950 4689 1098 4765 339,
1140 4692 1185 4745 B
1222 4710 1235 4745 :
1269 4687 1585 4747 πιθανώτατ’
1627 4689 1715 4746 ἐπὶ
1753 4688 1952 4755 τούτοις
1988 4692 2017 4747 ὁ

445 4774 584 4837 Ἀντ.
614 4774 706 4834 καὶ
738 4774 826 4834 τὸν
853 4774 1129 4853 Μισγόλαν
1155 4776 1542 4856 κεκωμῴδηκεν
1565 4779 1635 4843 ὡς
1659 4776 2019 4836 ἐσπουδακότα

445 4862 566 4944 περὶ
584 4862 902 4945 κιθαρῳδοὺς
925 4863 1018 4921 καὶ
1045 4865 1350 4945 κιθαριστὰς
1375 4864 1616 4944 ὡραίους.
1650 4870 1737 4923 De
1771 4869 2020 4943 Misgola

447 4952 522 5010 ef.
553 4954 803 5011 Meinek.
836 4952 978 5010 Hist-
1020 4953 1152 5011 crit.
1188 4955 1352 5012 Corn.
1385 4974 1443 5029 p.
1466 4954 1580 5011 386
1610 4973 1729 5028 seq.
1771 4953 2020 5033 Κίθαρος,

444 5042 706 5113 citharas,
742 5044 1142 5119 pleuronectes
1174 5064 1187 5099 :
1229 5064 1288 5102 ν.
1328 5046 1568 5102 Aristot.
1606 5047 1683 5103 H.
1716 5047 1790 5115 A,
1822 5064 1882 5116 α,
1924 5064 2016 5119 12,

455 5131 550 5199 13,
574 5141 683 5187 etc.
705 5135 775 5189 V.
811 5151 833 5186 1
849 5153 879 5202 7
903 5142 961 5188 et
990 5132 1058 5187 18
1083 5133 1214 5188 libri
1233 5134 1417 5188 minus
1429 5142 1585 5188 recte
1602 5137 1709 5197 τοῖς
1721 5132 2022 5218 κιθαρῳδοῖς
2054 5175 2057 5179 .

447 5226 507 5274 et
531 5215 631 5278 ἅπ.
655 5206 802 5284 οὗτος
822 5215 1154 5298 ἐπιπεφυκὼς
1174 5216 1322 5276 λάνθ.
1341 5222 1449 5276 Vix
1472 5218 1665 5276 carere
1681 5231 1871 5295 potest
1890 5239 2021 5275 ora-

455 5309 539 5362 tio
575 5305 758 5364 verbo
792 5307 1180 5378 substantivo,
1208 5308 1524 5382 similiaque
1549 5328 1660 5366 εστι
1700 5319 1758 5364 et
1794 5329 1900 5364 επι.
1937 5312 2024 5366 De

450 5393 639 5450 verbis
664 5382 810 5459 οὗτός
833 5395 947 5452 ἐστι
973 5391 1216 5473 πεφυκὼς
1256 5415 1313 5451 ν.
1351 5415 1486 5454 ann.
1523 5397 1598 5452 ad
1623 5399 1801 5455 Thuc.
1836 5416 1891 5467 α,
1922 5397 2020 5466 64.

451 5480 529 5539 V.
562 5483 724 5557 t9sic
753 5483 989 5540 Casaub.
1000 5484 1133 5539 libri
1152 5481 1373 5562 ἅνδρωτ’
1394 5481 1607 5562 ἄριστον
1631 5486 1722 5542 vel
1747 5484 2025 5562 ἀνδρωτά-

454 5588 648 5644 ριστον.
674 5593 698 5617 ι
719 5568 883 5625 Gobii
904 5569 1168 5645 frequens
1184 5572 1342 5647 apud
1365 5573 1562 5630 mediae
1583 5573 1875 5629 comoediae
1893 5592 2028 5648 poe·

455 5666 538 5711 tas
575 5657 850 5714 memoria
897 5656 1050 5733 (seq.
1098 5657 1288 5733 anm).
1323 5662 1389 5715 V.
1440 5678 1512 5716 aa
1557 5658 1645 5717 ἐπὶ
1683 5658 1744 5717 τὸ
1789 5658 2022 5739 τάριχος.

460 5743 798 5820 Chaerephili
838 5747 991 5803 enim
1029 5748 1439 5806 salsamentarii
1477 5746 1625 5805 filios
1671 5761 1789 5805 tum
1832 5762 2029 5824 captos

458 5832 684 5889 tenebat
712 5835 1046 5908 Pythionice
1068 5855 1262 5894 amore
1282 5856 1407 5896 suo.
1438 5839 1645 5896 Athen.
1672 5840 1712 5893 l.
1736 5839 1777 5893 l.
1801 5858 1862 5913 p.
1889 5840 2026 5913 339,

459 5920 506 5974 E
534 5939 546 5974 :
588 5917 898 5990 Πυθιονίκην
923 5919 981 5979 δέ
998 5944 1126 6002 φησι
1150 5923 1385 6004 φιληδεῖν
1407 5924 1638 6003 ταρίχῳ,
1666 5924 1780 5982 ἐπεὶ
1809 5923 2029 6004 ἐραστὰς

460 5992 573 6083 εἶχε
606 6004 723 6073 τοὺς
772 6007 1090 6088 Χαιρεφίλου
1133 6014 1224 6068 τοῦ
1261 6011 1628 6091 ταριχοπώλου
1657 6012 1812 6079 υἱούς.
1929 6012 2031 6093 πρὸ

1061 6181 1201 6236 ALC
1209 6183 1418 6237 EsTts.

535 6375 609 6388 —
626 6346 725 6405 Ille
747 6348 816 6406 ad
840 6366 925 6408 res
944 6366 1111 6411 novas
1235 6276 1283 6324 ι.

2087 1765 2319 1809 notatur
2345 1756 2694 1828 Pythionicae
2715 1758 2983 1830 gulositas
3007 1767 3062 1810 et
3088 1756 3311 1811 illorum
3331 1758 3661 1833 Chaerepliili

2089 1842 2339 1898 filiorum
2373 1853 2596 1918 stupor,
2626 1861 2795 1916 quem
2825 1845 2975 1900 ridet
3002 1845 3173 1899 ctiam
3200 1847 3477 1902 Timocles
3512 1849 3660 1905 lcar.

2092 1949 2153 2006 a,
2187 1950 2217 2002 7
2248 1950 2262 1985 ε
2287 1928 2500 2009 τάριχος
2524 1933 2675 1987 enim
2712 1933 2783 1988 dc
2806 1932 2975 1988 fatuis
3001 1943 3058 1989 et
3079 1934 3300 1989 insulsis
3336 1936 3666 1991 hominibus

2087 2021 2295 2095 passim
2312 2020 2541 2078 dicitur.
2567 2024 2634 2080 V.
2661 2019 2734 2077 23
2764 2016 2953 2099 ἀφύας.
2982 2024 3065 2077 De
3085 2023 3470 2078 meretricibus
3491 2026 3661 2097 Αραα

2091 2111 2505 2185 cognominatis
2528 2108 2648 2165 dixi
2681 2110 2757 2166 ad
2793 2110 3069 2184 Archippi
3108 2112 3291 2166 Pisces
3321 2110 3393 2170 fr.
3429 2110 3486 2166 8.
3516 2114 3667 2167 For-

2093 2208 2235 2253 tasse
2275 2200 2447 2254 etiam
2493 2200 2721 2271 Trygon
2771 2208 2893 2254 erat
2932 2215 3138 2254 nomen
3180 2200 3375 2258 scorti.
3422 2222 3447 2248 ι
3486 2200 3538 2253 Ε
3576 2201 3664 2256 M.

2091 2289 2267 2342 Versu
2293 2305 2370 2342 aa
2396 2289 2562 2362 posui
2588 2283 2852 2365 ὡρμηκυῗ
2881 2283 3022 2365 ἄφαρ
3061 2307 3074 2341 :
3099 2287 3339 2362 pessime
3361 2287 3513 2343 enim
3539 2287 3671 2345 libri

2092 2374 2373 2453 ὡρμηκυῖα
2396 2372 2518 2452 γὰρ,
2535 2378 2866 2450 importuno
2895 2378 3188 2450 vetitoque
3213 2377 3343 2436 loco
3367 2378 3549 2451 posita
3571 2374 3673 2453 γὰρ

2093 2466 2403 2539 particula,
2423 2467 2569 2521 sicut
2588 2461 2642 2521 δὲ
2671 2468 2864 2521 Anteae
2898 2484 2921 2520 1
2939 2508 2951 2520 .
2983 2460 3173 2544 Ἀφαρ,
3196 2466 3238 2523 i.
3266 2483 3319 2520 e.
3347 2462 3555 2538 εὐθέως,
3582 2486 3673 2520 τα-

2093 2548 2260 2629 χέως,
2289 2550 2605 2628 Homerus,
2641 2553 2821 2627 Soph.
2871 2564 3009 2623 etc.;
3042 2574 3076 2628 γ
3109 2563 3164 2609 et
3205 2573 3240 2630 φ
3286 2553 3553 2622 confusa,
3602 2554 3673 2609 dc

2096 2659 2212 2713 quo
2236 2659 2293 2699 ν.
2330 2660 2461 2699 ann.
2491 2641 2567 2697 ad
2597 2641 2809 2700 Cratini
2846 2640 3028 2699 Μαλθ.
3060 2648 3117 2708 4.
3150 2644 3217 2699 V.
3255 2648 3327 2707 24
3357 2637 3495 2717 δεῦρ’
3527 2639 3673 2710 ἔθηκ’

2097 2727 2211 2787 ἀντ.
2238 2729 2466 2787 Jacobs.
2498 2730 2658 2803 apud
2685 2729 3007 2805 Schweigh.
3036 2740 3094 2786 et
3115 2731 3274 2789 Pors.
3298 2731 3358 2784 in
3395 2730 3673 2788 Adversa-

2096 2817 2213 2872 riis.
2245 2817 2405 2872 Libri
2454 2812 2499 2873 δ’
2532 2814 2715 2893 εὗρὲθη
2757 2813 2810 2874 κ’
2850 2817 2964 2878 ἀντ.
2995 2816 3192 2875 Θεανοῖ
3228 2818 3341 2875 ἀντ.
3376 2828 3530 2873 recte
3576 2819 3675 2874 Ja-

2098 2904 2321 2960 cobsius
2354 2906 2766 2980 interpretatur
2792 2906 2973 2979 pisces
3005 2906 3266 2979 pondere
3289 2907 3372 2960 illi
3407 2908 3669 2980 aequales.

2097 2992 2380 3050 Gracilem
2408 2993 2674 3050 Theanus
2699 2994 2864 3050 fuisse
2890 3004 3187 3063 staturam,
3216 2994 3388 3050 docet
3412 2993 3678 3050 Anaxilas

2099 3081 2293 3138 Neott.
2333 3099 2355 3135 ι
2371 3121 2389 3151 ,
2421 3097 2537 3138 ao:

2177 3193 2212 3261 ἡ
2243 3190 2435 3250 Θεανὼ
2465 3190 2509 3249 δ’
2532 3192 2651 3271 οὗχὶ
2677 3190 2869 3271 Σειρήν
2895 3193 3034 3251 ἐστιν
3064 3190 3478 3268 ἀποτετιλμένης

2183 3277 2400 3357 βλέμμα
2424 3277 2517 3337 καὶ
2540 3277 2685 3357 φωνὴ
2709 3278 2950 3357 γυναικὸς
2967 3323 2985 3357 ,
3014 3281 3093 3338 τὼ
3121 3279 3283 3352 σκέλη
3309 3280 3365 3339 δὲ
3394 3278 3640 3360 κοψίχου.

2856 3394 2891 3433 2

2184 3471 2386 3527 Pollux
2409 3490 2468 3546 9,
2504 3489 2619 3547 ²9²
2647 3465 2787 3528 ἀλλὰ
2807 3468 2913 3547 μὴν
2931 3470 3021 3529 καὶ
3049 3468 3444 3530 δεκατῶνια.
3474 3468 3674 3548 κέχρη-

2101 3580 2189 3615 ται
2214 3556 2268 3614 δὲ
2295 3559 2371 3638 τῷ
2398 3556 2617 3633 ὀνόματι
2637 3555 2773 3618 ’Ave'
2803 3561 2858 3617 ἐν
2880 3558 2991 3618 Ἀλ.
3020 3561 3256 3618 Boeckh.
3293 3562 3515 3618 OEcon.
3553 3564 3667 3616 Att.

2111 3666 2163 3717 1,
2185 3665 2247 3721 p.
2278 3645 2415 3718 350,
2447 3644 2582 3720 360,
2612 3648 2747 3704 citat
2767 3648 2940 3706 Mein.

2868 3740 2926 3801 3.

2184 3839 2419 3895 Photius
2460 3857 2521 3912 p.
2566 3837 2705 3911 348,
2745 3836 2803 3908 8,
2854 3832 3138 3915 Ὀρμιάν
3185 3855 3200 3893 :
3243 3831 3380 3901 Ἀντ.
3426 3833 3537 3896 Ἁλ.
3586 3837 3678 3894 Sic

2106 3928 2275 3983 etiam
2317 3926 2621 4002 Euripides
2648 3922 2776 3984 llel.
2817 3924 2989 3984 1508.
3028 3921 3220 3994 Λίνον,
3266 3925 3503 3992 lineam,
3539 3925 3680 3980 dicit

2105 4103 2393 4158 Atticistae.
2432 4126 2455 4150 υ
2485 4104 2667 4160 Mein.

2608 4243 2712 4304 xl.
2757 4242 3173 4302 ΑΛΚΗΣἸΊΣ.

2187 4374 2443 4448 Scriptor
2464 4374 2781 4448 argumenti
2810 4373 3105 4428 Alcestidis
3129 4371 3449 4445 Euripideae
3482 4391 3496 4426 ι
3533 4372 3679 4449 παρὰ

2067 4519 2071 4523 ,
2106 4467 2211 4526 τοῖς
2245 4466 2510 4538 τραγικοῖς
2548 4457 2735 4538 (apud
2775 4462 2890 4516 sive
2930 4462 3079 4516 inter
3119 4461 3417 4535 Tragicos»,
3460 4460 3681 4532 judicio

2107 4551 2363 4625 ipsorum
2389 4551 2762 4625 Tragicorum
2779 4551 2869 4605 vel
2899 4550 3090 4623 potius
3112 4569 3171 4605 π.
3196 4549 3302 4612 τοῖς
3320 4570 3353 4603 κ
3368 4568 3396 4625 ρ
3414 4567 3500 4602 ιτι
3515 4546 3683 4622 κοῖς,

2107 4639 2390 4713 siquidem
2408 4658 2442 4694 κ
2463 4648 2516 4693 et
2537 4658 2587 4709 τ,
2604 4658 2638 4693 α
2662 4649 2720 4694 et
2735 4659 2768 4714 γ
2786 4648 2842 4694 et
2864 4659 2937 4708 τι,
2968 4655 3087 4694 non
3110 4636 3282 4692 semel
3309 4636 3542 4691 confusa
3568 4654 3686 4691 esse

2050 4763 2051 4767 =
2110 4736 2351 4783 constat.
2397 4713 2627 4782 F'nmra
2675 4724 2910 4799 quidam
2948 4724 3228 4799 κωμικοῖς)
3268 4719 3582 4778 ἐκὸάλλεται
3614 4724 3685 4788 ὥς

2113 4812 2348 4871 ἀνοίκεια
2375 4814 2468 4882 τῆς
2505 4814 2759 4890 τραγικῆς
2798 4809 3059 4882 ποιήσεως
3092 4809 3125 4869 ὅ
3162 4833 3218 4869 τε
3248 4808 3502 4888 Ὀρέστης
3531 4808 3622 4867 καὶ
3648 4812 3685 4879 ἡ

2110 4898 2416 4971 Ἄλκηστις,
2443 4902 2513 4967 ὡς
2532 4902 2593 4958 ἐκ
2620 4907 2889 4978 συμφορᾶς
2914 4898 3009 4974 μὲν
3028 4898 3315 4978 ἀρχόμενα,
3343 4898 3415 4963 εἰς
3438 4898 3679 4972 εὖδαιμο·

2112 4986 2225 5045 νίαν
2253 4985 2307 5045 δὲ
2338 4986 2429 5045 καὶ
2451 4984 2623 5065 χαρὰν
2646 4983 3036 5056 καταλήξαντα·
3060 4985 3173 5044 ἔστι
3201 4983 3474 5061 δὲμᾶλλον
3496 5008 3688 5064 κωμῳ-

2113 5076 2224 5143 δίας
2244 5075 2492 5154 ἐχόμενα.
2514 5076 2850 5133 «Boeckhius
2868 5078 3049 5133 nostri
3071 5076 3414 5134 Alcestidem
3438 5093 3688 5131 comme·

2113 5169 2325 5223 morari
2352 5176 2517 5242 putat
2552 5166 2615 5220 in
2639 5177 3011 5221 monumento
3044 5165 3388 5222 didascalico
3412 5165 3582 5238 Corp.
3604 5166 3688 5218 in-

2112 5257 2334 5329 scriptt.
2375 5273 2430 5324 1,
2461 5273 2518 5311 n.
2559 5254 2697 5324 231,
2727 5264 2793 5309 ut
2828 5265 2953 5310 acta
2987 5254 3156 5310 fuerit
3198 5255 3416 5328 olymp.
3456 5254 3603 5322 106,
3653 5272 3685 5307 α

2117 5344 2279 5420 (ante
2305 5343 2440 5399 Chr.
2472 5352 2591 5400 nat.
2628 5340 2795 5417 354).
2824 5367 2849 5391 ιο
2878 5343 3037 5398 ΕΜ.

2884 5473 2935 5510 1.
3596 5505 3605 5512 .

2197 5564 2401 5627 Athen.
2430 5565 2484 5638 3,
2506 5585 2562 5644 p.
2601 5586 2729 5640 122,
2757 5570 2809 5624 D
2835 5583 2851 5627 ε
2880 5563 3015 5626 Ἄντ.
3044 5564 3089 5623 δ’
3114 5564 3164 5623 ἐν
3191 5561 3487 5636 Ἀλκήστιδι
3512 5561 3608 5642 ἔφη

2214 5722 2313 5733 -
2345 5678 2464 5748 ἐπὶ
2495 5684 2567 5748 τὸ
2599 5690 2955 5775 καινουργεῖν
2989 5684 3163 5774 φέρου

2216 5793 2424 5868 οὕτως,
2456 5787 2723 5872 ἐκείνως,
2759 5798 2939 5855 τοῦτο
2969 5792 3342 5881 γιγνώσκων,
3384 5788 3481 5852 ὅτι

2219 5893 2280 5961 ἓν
2312 5896 2514 5960 καινὸν
2547 5895 2896 5989 ἐγχείρημα,
2929 5889 3041 5959 κᾶν
3067 5894 3371 5984 τολμηρὸν
3398 5891 3460 5984 ᾖ,

2223 6007 2473 6067 πολλῶν
2510 6007 2786 6066 παλαιῶν
2821 6003 2950 6065 ἐστι
2986 6001 3461 6092 χρησιμώτερον.

2122 6182 2401 6255 Applicuit
2426 6182 2671 6237 animum
2689 6223 2705 6247 ‚
2732 6180 2972 6237 recolens
2997 6180 3136 6237 hanc
3159 6180 3480 6237 sententiam
3514 6195 3529 6233 ε

2123 6272 2312 6326 Unum
2338 6280 2744 6331 commentum,
2774 6267 3021 6337 quamvis
3044 6265 3315 6335 calidum,
3344 6264 3439 6323 sed
3466 6280 3685 6331 recens»,

2125 6358 2279 6426 Saepe
2302 6368 2418 6411 esse
2440 6351 2635 6411 utilius
2659 6351 2934 6411 veteribus
2957 6352 3143 6412 multis
3161 6353 3316 6412 solet.
3407 6368 3471 6408 n.
3506 6366 3686 6410 eaor.
