4084 8009
264 1516 318 1567 tar

773 1497 913 1557 MEDlAE
935 1496 1142 1559 COMOEDIAE
1163 1494 1369 1570 RELIQUIAE.

258 1640 314 1703 πῶς
323 1638 361 1694 δεῖ
373 1634 552 1709 ἐπιμελεῖσθαι
560 1635 606 1690 τοῦ
616 1634 661 1700 τῆς
673 1627 816 1708 Πρόκριδος
824 1627 912 1699 κυνὸς,
926 1625 1042 1703 ὡσπερεί
1088 1625 1180 1707 Μίνῳ,
1195 1624 1240 1684 καὶ
1256 1625 1344 1693 Μίνως
1355 1625 1495 1705 Πρόκριδι,
1510 1625 1556 1683 καί
1571 1625 1684 1706 Πρόκρις
1701 1627 1826 1705 Κεράλῳ

256 1726 347 1798 μνεία
359 1723 425 1778 libri
440 1723 475 1787 ὡς
489 1716 564 1796 περὶ)
577 1716 713 1798 ἀνθρώπου
732 1721 779 1775 τοῦ
803 1716 878 1781 κυνὸς
901 1714 946 1773 τὸν
965 1714 1043 1795 λόγον

259 1810 428 1888 ποιούμενος,
555 1811 561 1819 ’

1445 1744 1472 1780 a.
1496 1724 1522 1778 3.

1129 1838 1209 1895 Idem
1225 1856 1271 1907 ιο,
1284 1857 1312 1911 p.
1330 1844 1404 1907 Aua,
1420 1841 1443 1893 Ε
1461 1814 1473 1891 ι’
1484 1833 1573 1914 εἴρηκε
1588 1834 1615 1894 δὲ
1627 1833 1709 1902 οὐτως
1723 1833 1879 1915 (initima-

308 1939 341 1978 α·
361 1917 476 1979 Οὐκοῦν
488 1914 680 1999 ὑπθστορεῖτῑ
696 1913 842 1997 μαλακῶς
855 1917 901 1990 'sl'
915 1904 995 1972 ’wll'
1090 1928 1153 2002 μεν)
1166 1924 1264 1992 Ἄλεξις
1278 1928 1305 1984 ἐν
1319 1926 1445 2004 Κουρίδι,
1460 1952 1471 1976 ι
1485 1924 1563 1985 Ἐπεί
1574 1925 1658 1983 πάλαι
1668 1924 1850 1996 δεδείπναμεν.
1865 1954 1878 1974 ν

308 2017 393 2082 κάτω
410 2017 462 2105 μὲν
475 2010 659 2079 ὐπυύαλεῖτε
677 2024 738 2078 τῶν
752 2011 915 2085 Μιλησίων

241 2144 246 2158 ·
309 2121 405 2214 ἐρίων,
422 2118 529 2186 άνωδεν
544 2114 563 2185 δ
568 2104 575 2125 ’
589 2116 764 2186 ἐπιόαλεῖτε
781 2110 920 2196 ξυστίδα.

310 2235 341 2314 β.
362 2220 515 2294 λπυλλονί
532 2254 564 2292 α.
576 2222 670 2314 Kaira
680 2219 804 2318 χόνδρον
820 2230 902 2308 αὐτῷ
914 2216 1034 2290 δεύσετε

261 2329 282 2399 5
310 2332 447 2425 γάλακτι
467 2332 569 2423 χηνός.
592 2337 621 2417 β.
647 2326 808 2422 Ἠράκλειςί
834 2358 866 2396 α.
895 2328 962 2396 Καὶ
976 2329 1045 2405 τούς

949 2428 1046 2511 πόδας

310 2544 441 2633 αλειψατ
469 2572 558 2611 αυτυυ
576 2557 620 2631 τῷ
637 2543 709 2638 (γε)
729 2544 882 2637 μεγαλείῳ
901 2547 995 2635 μύρῳ.

260 2678 347 2732 Versu
363 2675 379 2731 5
394 2675 431 2730 ad
451 2674 588 2750 μεγαλεῖον
603 2672 684 2751 μύρον
700 2694 725 2730 ν.
739 2675 757 2730 6
773 2672 894 2748 quadrat
907 2670 968 2749 γάλ.
988 2692 1046 2749 χη-

260 2764 318 2835 νὸς,
337 2766 445 2822 dictum
462 2777 494 2821 ut
508 2762 614 2841 ὀρνίθων
627 2761 695 2840 γάλα
710 2783 757 2839 ap.
780 2764 926 2838 Aristoph.
944 2764 1046 2819 Avium

1091 2014 1277 2094 Ε..Πρόκριδι,

1138 2167 1187 2179 —-
1205 2124 1298 2220 lipsi<
1312 2120 1341 2193 δ’
1362 2120 1479 2195 οὐδέπω
1493 2122 1712 2221 δεδείπναμεν,

1091 2240 1135 2299 καί
1147 2240 1226 2298 πάλιν

1140 2374 1180 2387 -
1192 2331 1236 2408 ὃν
1250 2350 1327 2433 χρῆν
1343 2333 1538 2407 δεδειπνάναι
1551 2337 1663 2405 πάλαι.

1092 2461 1173 2517 Libri
1186 2456 1255 2536 χρὴ,
1271 2463 1365 2516 minus
1380 2461 1497 2534 quidem
1510 2470 1587 2516 recte
1606 2459 1685 2535 apud
1704 2456 1881 2513 infinitivum

1092 2548 1228 2623 perlecti,
1241 2550 1391 2623 minusque
1406 2551 1502 2608 attice.

1191 2649 1295 2720 xtvt.
1319 2661 1538 2720 ΠΡΟΣΟΥΣΙΑ
1561 2658 1579 2730 ἢ
1603 2658 1768 2721 ΚΥΚΝΟΣ.

1131 2774 1235 2834 Athen.
1259 2794 1288 2844 7,
1313 2792 1343 2848 p.
1362 2776 1430 2842 301,
1452 2777 1506 2830 A:
1529 2770 1622 2852 ἑψητὸς
1644 2769 1689 2828 ἐπὶ
1705 2771 1758 2827 τῶν
1773 2768 1880 2825 λεπτῶν

261 2857 319 2929 690
333 2867 362 2910 et
384 2853 468 2923 1547.
486 2852 580 2910 Schol.
601 2854 640 2916 ad
653 2854 711 2927 690
729 2871 736 2907 ε
756 2855 832 2908 τοῦτο
846 2849 891 2907 καὶ
906 2850 932 2907 ἐν
947 2847 1046 2929 Σφηξίν
1092 2860 1214 2939 ρχρυδίω,
1231 2862 1298 2936 (Ar,
1312 2866 1397 2937 Vesp,
1411 2859 1611 2939 648,910,)m
1626 2861 1661 2919 Ε,
1681 2859 1708 2916 ρ,
1725 2855 1881 2936 Προσουσίᾳ

262 2943 338 3017 (493
349 2942 367 3019 l.
384 2942 410 2997 ἓν
424 2939 555 3019 παροιμίᾳ
573 2939 600 2997 δὲ
617 2941 661 2999 ἐπὶ
679 2942 731 2997 τῶν
745 2938 804 2996 λίαν
826 2939 1045 3013 εὐδαιμονούντων

261 3030 306 3087 καί
342 3028 630 3103 πάντακεκτημένων.
660 3034 696 3088 V.
728 3030 745 3086 6
775 3030 892 3102 fortasse
917 3027 1043 3107 ἀλείψετ’.

261 3122 348 3178 Mein.
371 3120 451 3176 Libri
479 3118 558 3175 αὐτοῦ
579 3120 731 3186 inutiliter,
760 3137 848 3192 quum
867 3120 1047 3174 antecesserit

261 3210 346 3287 αὐτῷ,
362 3210 441 3282 quod
454 3209 510 3264 huc
525 3210 659 3282 pertinet.
678 3208 798 3281 Corrigo
817 3203 952 3277 αὐτοὺς,
974 3212 1048 3282 ipsos

261 3315 378 3370 quoque
391 3295 494 3370 pedes,
510 3314 570 3350 nnn
583 3297 677 3351 solum
689 3293 807 3371 χόνδρον.
819 3294 967 3351 Postremo
982 3297 1047 3351 libri

260 3387 299 3462 τῷ
314 3382 458 3462 Μεγαλλίῳ
474 3382 566 3462 μύρῳ,
583 3386 703 3454 omisso,
728 3385 780 3438 nisi
804 3402 978 3459 magnopere
996 3385 1048 3440 sal·

261 3474 315 3542 lor,
330 3494 359 3548 γε
374 3484 439 3528 ante
455 3493 487 3546 με
501 3473 592 3527 simile
615 3474 659 3536 iv.
677 3490 746 3528 aun.
763 3473 800 3527 ad
815 3473 907 3529 Thur.
924 3492 953 3543 a,
976 3474 1046 3547 ar),

261 3563 444 3634 primumque
457 3579 511 3634 pro
523 3556 654 3634 μιγαλείω
665 3562 773 3635 scripto
782 3579 835 3634 per
846 3579 973 3615 errorem
983 3562 1049 3616 satis

262 3650 439 3722 frequentem
464 3644 598 3725 μεγαλίῳ,
618 3648 684 3703 dein
704 3658 823 3723 augente
844 3649 1047 3722 corruptione,

262 3734 408 3815 μεγαλλίῳ.
434 3729 645 3792 tirunculi.
672 3736 797 3808 13,1,a
822 3754 828 3790 :
855 3760 867 3784 ν
895 3736 1047 3810 Megalium

264 3826 419 3901 (μεγαλεῖον
436 3825 552 3881 Gesner.
572 3825 654 3880 Thes.
674 3824 732 3881 vol.
749 3844 776 3895 a,
794 3844 823 3899 p.
838 3831 893 3890 air
907 3820 915 3899 J
928 3836 1049 3899 propter

262 3916 382 3989 gloriam
403 3914 579 3989 appellatum
596 3909 805 3988 (unguentum)
824 3931 859 3968 ex
880 3912 945 3969 eleo
966 3913 1047 3969 bala-

263 4006 332 4060 nino
340 4045 349 4073 ,
362 4003 504 4071 balsamo,
518 4004 646 4069 calamo,
659 4002 764 4073 junco,
778 3999 990 4073 xylobalsamo,
1006 4021 1049 4058 re·

263 4094 332 4163 sina,
344 4117 356 4143 ν
372 4103 436 4147 ete:
446 4110 525 4165 quae,
535 4091 664 4164 quamvis
675 4108 734 4145 non
746 4088 863 4144 omuino
874 4089 1045 4166 prestanda,
1095 4110 1115 4183 5
1165 4114 1197 4181 ὃ,

263 4180 319 4235 huc
328 4179 444 4234 faciunt.
457 4179 628 4253 Depedr'bur
637 4178 766 4231 iterandis
774 4176 809 4232 cl.
820 4177 1005 4251 Sphingoear.
1016 4197 1046 4235 n.

263 4271 306 4323 De
320 4268 427 4323 famoso
445 4264 592 4322 Procridis
610 4284 680 4322 canc
690 4266 803 4339 Laelape
819 4284 845 4319 ν.
861 4265 997 4339 Apollod.
1019 4286 1047 4339 a,

265 4367 295 4427 4,
309 4358 326 4432 §
338 4359 367 4426 6,
381 4380 408 4429 7,
419 4370 448 4413 et
459 4360 564 4433 Hygiu.
577 4357 645 4415 rab.
663 4357 718 4430 189
735 4369 764 4412 et
774 4361 886 4412 Astron.
898 4369 977 4431 poet.
989 4359 1007 4415 l.
1020 4379 1048 4429 a,

264 4466 329 4521 cap.
347 4446 396 4503 35.
413 4450 551 4502 Praeterea
570 4445 655 4502 Mein.
673 4456 812 4502 memorat
831 4445 963 4502 Ovidium
978 4448 1046 4506 Met.

265 4556 294 4605 7,
314 4535 386 4607 754,
402 4537 576 4592 Antoninum
593 4534 656 4591 Lib.
678 4533 736 4591 fab.
758 4540 807 4606 Aa,
822 4534 912 4594 schol.
930 4535 1050 4591 Germa-

264 4626 320 4680 nici
338 4628 419 4683 Arat.
433 4644 463 4699 p.
484 4625 522 4680 60
541 4622 588 4680 ed.
611 4624 706 4693 nutu,
732 4633 760 4678 et
778 4624 923 4679 Pollucem
942 4623 973 4690 5,
995 4624 1048 4699 39,

265 4716 314 4787 qui
329 4714 443 4787 quidem
458 4716 497 4768 sic
513 4732 528 4768 c
541 4712 704 4768 Nicandro:
718 4708 846 4775 Χαονίδας
860 4709 904 4767 καὶ
915 4710 1048 4772 Molotti-

265 4800 311 4863 δας
329 4799 434 4875 (κύνας)
448 4798 589 4873 ἀπογόνους
602 4786 668 4854 εἶναί
680 4820 742 4873 φησι
753 4798 843 4871 κυνὸς,
860 4798 886 4855 ὃν
901 4796 1049 4877 Ἥφαιστος

266 4889 296 4945 ἐκ
309 4889 408 4966 χαλκοῦ
429 4886 596 4958 Δημονηαίου
614 4883 841 4963 χαλκευσάμενος,
864 4911 875 4935 ι
897 4885 942 4944 καὶ
961 4888 1048 4966 ψυχὴν

266 4975 359 5045 ἐνθεὶς,
375 4976 455 5050 δῶρον
470 4973 550 5031 ἔδωκε
562 4973 621 5043 Διὶ,
638 5000 649 5023 υ
666 4971 781 5037 κάκεῖνος
795 4971 923 5051 Εὐρώπῃ,
940 4974 1005 5046 αὐτη
1021 4976 1048 5033 δὲ

285 5092 400 5103 α--ι

577 5142 741 5197 PROCRIS.

651 5250 675 5298 l.

302 5347 327 5385 a.
344 5330 511 5387 substernite
523 5330 606 5401 igitur
618 5328 736 5385 molliter
750 5332 813 5385 cani
829 5346 835 5381 :

303 5421 422 5477 Milesias
435 5417 545 5491 quidem
557 5419 631 5474 ianas
643 5417 784 5489 subjicite;

303 5524 450 5581 purpuram
466 5514 556 5561 autem
570 5504 679 5576 injicite.

304 5595 331 5649 b.
352 5593 464 5667 Apollo!
477 5607 503 5648 u.
517 5595 552 5648 Et
562 5588 661 5646 deinde
670 5590 857 5663 cartilaginem
871 5593 893 5648 ei
905 5593 990 5665 rigate

268 5690 284 5738 ὁ
304 5681 372 5737 lacte
385 5682 495 5737 anseris.
506 5679 534 5735 b.
548 5677 682 5734 Hercule!
696 5692 722 5734 a.
735 5676 875 5749 Pedesque

305 5769 378 5838 ipsos
393 5768 486 5821 iiiiuite
498 5764 641 5836 magnifico
651 5773 792 5835 unguento

643 5856 669 5905 2.

269 5972 303 5982 —
319 5944 374 5996 u'os
387 5956 447 5996 rero
463 5910 586 5995 noudum
600 5938 777 5994 eoenarimin.

649 6029 673 6079 3.

269 6144 304 6155 ..
319 6115 407 6184 Quem
422 6111 543 6184 oportuit
554 6108 661 6167 dudum
675 6117 806 6164 coenasse.

445 6207 649 6266 CONSUETlO
666 6204 707 6261 vel
722 6204 875 6261 CYGNUS.

1093 2952 1129 3027 (i.
1144 2970 1174 3025 q.
1190 2949 1336 3029 Συνουτίρ)
1351 2948 1368 3021 ἢ
1386 2948 1497 3029 Κύκνῳ,

1141 3063 1276 3161 Ᾰγαπῶν
1292 3094 1344 3152 τε,
1362 3062 1536 3158 κάνὲψητύν
1553 3071 1583 3134 ἐν
1596 3069 1733 3141 τεύτλοις
1745 3066 1796 3129 ἕνα

1142 3166 1194 3238 δεδι
1209 3165 1386 3250 δωδεκάτης
1402 3170 1543 3266 ἑψόμενον
1555 3175 1667 3264 ἡμέρας
1680 3162 1746 3262 ἴδη.

1207 3314 1328 3373 XLVll.
1352 3314 1509 3374 EEMEAH
1530 3310 1767 3382 ἣΔίΟΝΥΣΟΣ.

1134 3504 1237 3560 Athen.
1255 3521 1283 3569 a,
1301 3521 1331 3576 p.
1349 3502 1455 3575 36‚1t:
1470 3430 1505 3563 ll.
1516 3501 1621 3561 δὲποιεῖ
1633 3500 1679 3562 τδν
1693 3500 1818 3561 Διόνυσον
1833 3498 1880 3556 λε’-

1095 3612 1171 3667 γοντα

1165 3691 1252 3781 Τρεῖς
1269 3687 1328 3782 γὰρ
1345 3691 1430 3782 μόνον
1445 3701 1596 3782 κρατῆρας
1615 3689 1799 3782 ἐγκεραννύω

1166 3803 1231 3873 τοῖς
1246 3793 1277 3862 εὐ
1292 3808 1442 3889 φρονοῦσι·
1453 3798 1505 3863 τὸν
1520 3799 1573 3889 μὲν
1587 3794 1701 3889 ὐγιείας
1715 3799 1780 3878 ἕνα,

1167 3901 1199 3968 όν
1215 3911 1334 3994 πρῶτον
1348 3902 1515 3971 ἐκπίνουσι·
1535 3904 1588 3969 τὸν
1604 3897 1638 3970 δὲ
1653 3894 1793 3995 δεύτερον

1166 4009 1273 4100 ἔρωτος
1290 4002 1398 4087 ἡδονῆς
1413 4036 1464 4076 τε·
1483 4011 1535 4076 τὸν
1547 4008 1647 4101 τρίτον
1662 4003 1691 4074 δ’
1710 4015 1817 4100 ὐπνου,

1212 4118 1364 4194 ἐκπιόντες
1376 4118 1403 4183 οἱ
1417 4116 1500 4208 τυροὶ
1510 4119 1688 4207 κεκλημένοι

1166 4217 1271 4290 οἴκαδε
1286 4216 1456 4309 βαδίζουά.
1471 4219 1499 4291 ί)
1515 4219 1548 4291 δὲ
1564 4226 1708 4314 τέταρτος
1721 4229 1821 4293 οὐκέτι

1166 4332 1308 4422 ἡμέτερός
1325 4332 1401 4416 ἐσθ’,
1425 4331 1497 4396 ἀλλ’
1518 4325 1632 4422 ὐύρεος·
1649 4336 1665 4397 ὁ
1684 4323 1719 4397 δὲ
1742 4337 1881 4425 πέμπτος

1791 4444 1861 4523 βοῆς
1870 4490 1879 4525 ν

1168 4546 1253 4619 ἕκτος
1272 4569 1305 4611 τε
1322 4546 1448 4633 κώμων·
1469 4536 1596 4633 ἕόδομος
1610 4537 1639 4608 δ’
1657 4545 1816 4609 ὑπωπίων·

1167 4654 1182 4713 ό
1201 4644 1230 4713 δ’
1246 4644 1352 4741 ὄγδοος
1365 4657 1528 4742 κλητῆρος·
1543 4647 1570 4716 ί)
1587 4643 1617 4714 δ’
1635 4652 1741 4726 ἔνατος
1753 4656 1865 4739 χολῆς,

1102 4774 1141 4817 ιο
1168 4745 1295 4832 δέκατός
1309 4782 1343 4822 τε
1352 4756 1459 4848 μανίας
1470 4809 1479 4839 ,
1492 4762 1570 4823 ὥστε
1579 4756 1631 4823 καὶ
1647 4757 1769 4841 βάλλειν
1779 4768 1878 4824 ποιεῖ·

1167 4862 1260 4938 πολύς
1274 4862 1332 4954 γὰρ
1351 4862 1391 4940 εἰς
1406 4862 1436 4927 ἓν
1452 4864 1557 4954 μικρὸν
1574 4864 1698 4956 ἀγγεῖον
1712 4863 1809 4952 χυθεὶς

1169 4965 1359 5048 ὑποσκελίζει
1381 4974 1478 5058 ῥᾷστα
1492 4971 1560 5047 τούς
1582 4972 1773 5045 πεπωκότας.

1286 5154 1430 5208 structu
1450 5153 1507 5208 sire
1524 5154 1697 5208 BACCHUS.

1478 5246 1503 5294 1.

1154 5329 1220 5382 Tres
1232 5327 1304 5383 enim
1318 5326 1399 5383 modo
1412 5335 1532 5384 crateras
1543 5329 1644 5384 misceo

1154 5414 1333 5486 prudentibus
1349 5431 1357 5468 ε
1374 5430 1459 5470 uuum
1473 5416 1613 5483 sanitatis,

1152 5518 1233 5573 quem
1246 5504 1366 5574 primum
1377 5501 1491 5570 bibunt3
1506 5503 1624 5559 alterum
1636 5518 1700 5556 vero

1153 5591 1256 5646 amoris
1268 5607 1299 5646 ac
1311 5590 1474 5663 voluptatis;
1490 5590 1654 5660 tertiumque
1666 5588 1769 5652 somni,

1100 5683 1117 5731 5
1152 5693 1206 5748 quo
1219 5686 1333 5749 expeto,
1348 5678 1395 5749 qui
1409 5677 1546 5749 sapientes
1560 5683 1706 5739 vocantur,
1730 5700 1733 5707 ν

1153 5763 1266 5821 domum
1281 5772 1355 5820 eunt.
1368 5768 1489 5836 Quartus
1501 5770 1591 5820 autem
1606 5777 1661 5818 non
1679 5758 1797 5832 amplius

1155 5862 1246 5908 noster
1260 5862 1315 5917 est,
1330 5852 1377 5909 sed
1388 5853 1521 5925 superbire
1531 5871 1539 5915 ς
1551 5860 1609 5908 tutu
1620 5850 1731 5922 quintus
1741 5846 1867 5903 clamoris
1878 5865 1885 5909 3

1155 5950 1181 5997 et
1193 5950 1284 5997 sextus
1295 5942 1535 6006 comissationuuu
1550 5950 1577 5995 at
1591 5940 1724 6012 septimus
1737 5935 1873 6007 sugillatio

1152 6036 1179 6085 et
1191 6037 1301 6085 octavus
1314 6029 1489 6100 apparitoris3
1503 6044 1646 6099 rtounsque
1661 6027 1725 6091 irie,
1783 6024 1882 6093 tuum,

1015 6098 1019 6106 ¹
1106 6123 1136 6171 10
1155 6125 1183 6173 et
1200 6116 1323 6173 decimus
1336 6115 1463 6177 insaniae,
1480 6124 1510 6170 ut
1524 6116 1565 6172 rel
1579 6114 1680 6188 lapides
1698 6112 1833 6182 conjicere
1849 6110 1888 6165 fa·

1797 6200 1866 6267 [ciat
1882 6220 1887 6252 :

269 6307 525 6377 contentusque‚si
542 6306 582 6361 vel
600 6318 688 6360 uuum
700 6301 861 6374 pisciculum
874 6300 903 6355 iu
917 6299 983 6356 betis
1076 6267 1081 6360 i
1155 6294 1286 6366 siquidem
1300 6294 1418 6349 multum
1431 6293 1525 6348 riuum
1538 6291 1586 6347 uui
1597 6299 1713 6363 augusto
1726 6287 1887 6344 vaseuloiu·

271 6402 380 6450 coetum
396 6392 560 6449 duodecimo
575 6392 619 6449 die
635 6390 733 6447 rideat.

1076 6410 1080 6442 t
1157 6381 1285 6440 facillime
1299 6381 1400 6452 decipit
1415 6387 1559 6450 potatores.

1778 6373 1888 6442 [lusum
