4084 8009
214 1613 265 1672 llis
276 1613 370 1671 verbis
381 1610 547 1686 compellari
558 1610 671 1667 videtur
680 1608 842 1666 adolescens
853 1621 997 1681 venustus,

206 1702 310 1780 ¹adhuc
331 1700 415 1757 donis
430 1701 559 1757 virorum
582 1701 788 1775 locupletatus,
810 1717 887 1755 nune
905 1710 1000 1757 autem

215 1792 396 1865 Pythionices
423 1808 520 1853 amore
541 1785 676 1867 flagrans.
706 1791 795 1847 Versu
824 1793 841 1855 ί
869 1787 1000 1865 σαργάνας

195 1878 276 1954 ,(ιίο
300 1879 375 1934 enim
396 1879 517 1935 Porson.
539 1893 594 1951 pro
610 1870 770 1953 σαργανίας)
786 1876 914 1952 intelligo
936 1875 1000 1955 σαίρ-

215 1967 359 2042 γους,σίιί
373 1964 447 2020 forte
467 1964 634 2039 ponendum
653 1973 694 2019 est
710 1959 889 2039 σαργίνους
905 1965 1001 2023 medie

211 2053 303 2111 brevi.
321 2056 355 2112 V.
372 2051 469 2109 Slibri
484 2052 592 2109 soloece
609 2047 740 2127 ταρίχους.
760 2051 797 2106 V.
811 2050 831 2107 6
849 2052 943 2126 aptius
960 2063 1002 2109 est

177 2202 179 2205 ,
213 2137 336 2217 ίχουσό
346 2138 388 2216 γ’,
402 2141 442 2204 ὣς
456 2135 560 2197 σόνισπι
571 2134 715 2217 σαπίρόαις
729 2134 830 2197 δυοῖν.
838 2139 954 2195 Pmtnt
965 2140 1001 2204 b<

214 2226 339 2303 causele,
348 2222 488 2302 siquidem
500 2226 578 2302 apud
587 2224 721 2301 saperdas
730 2225 899 2282 sdmmento
908 2227 999 2283 abun·

214 2316 285 2373 dare
297 2335 350 2392 per
361 2315 462 2388 jocum
471 2314 579 2371 dicimr
588 2314 733 2373 meretrix.
748 2310 803 2372 Καί
815 2313 887 2379 ett‘oe
899 2316 1001 2390 sepius

214 2405 332 2462 conhisa
343 2422 386 2462 ιν.
396 2402 678 2462 ΑαακαυιίιᾸιιοοσῐ.
690 2412 777 2472 7,ete.
786 2403 862 2459 blein
874 2419 882 2462 ι
896 2427 909 2454 ι
921 2407 998 2479 Δαγ-

214 2504 275 2550 ωιυ
298 2511 387 2568 quum
400 2488 490 2570 παχθν
506 2492 588 2563 dicit,
607 2490 736 2557 dubitari
753 2501 858 2566 potest,
872 2493 993 2561 obesum,

213 2597 252 2637 an
268 2583 429 2657 opulentum
452 2576 613 2656 signidem
642 2578 767 2635 voluerit
786 2590 886 2655 poete.
909 2578 998 2655 Σιιόγι·

205 2666 293 2748 ὄρους
303 2678 400 2725 antem
413 2679 501 2726 vocat
513 2666 686 2743 Cherepbili
699 2664 775 2723 lilius
787 2664 892 2725 eodem
903 2684 998 2739 sensu,

214 2758 317 2832 quoin
333 2758 424 2814 altero
440 2756 599 2832 fragmento
624 2755 760 2811 dicuntur
775 2751 883 2833 τόριχος
899 2766 929 2812 et
948 2776 1000 2812 σα-

208 2842 319 2925 ,πίρδοη
335 2864 399 2920 quae
419 2846 573 2902 stultorum
591 2841 743 2901 hominum
766 2853 832 2900 mni
845 2844 995 2900 convicia:

213 2946 248 2991 v:
259 2932 378 2992 Cesanb.
392 2934 422 2994 h.
434 2934 454 2992 l.
467 2930 541 2990 etad
557 2931 657 2989 Athen.
674 2931 702 3008 3,
716 2948 747 3007 p.
766 2950 833 3007 119,
852 2930 1000 3002 C‚collato

213 3022 302 3081 etiam
315 3021 441 3081 Alexidis
449 3020 618 3097 Epidaurio.
633 3044 644 3070 υ

255 3238 358 3298 Athen.
376 3238 405 3308 8,
418 3258 449 3313 p.
466 3238 536 3312 342,
551 3240 575 3293 A
595 3257 602 3293 :
616 3234 661 3293 καί
675 3232 831 3315 Ὑπερείδης
844 3232 872 3293 δὲ
887 3233 999 3315 όρήτωρ

215 3324 347 3407 θφοφόγος
361 3315 404 3398 ἦν,
416 3322 451 3393 ὥς
462 3346 525 3406 φησι
538 3326 606 3400 Τιμ.
618 3327 632 3382 ό
642 3322 757 3398 κωμικὸς
772 3325 798 3383 ίν
809 3321 890 3404 Δήλῳ
954 3323 999 3382 καί

88 3475 92 3481 ,
205 3415 242 3473 dr
253 3412 374 3493 Ἰκαρίοις
386 3412 413 3473 δὲ
427 3412 530 3478 όαύτὸς
543 3412 654 3482 ποιητής
666 3434 730 3491 φησι

261 3513 322 3580 Τόν
342 3510 369 3577 π’
389 3510 558 3601 ἰχθυόρρουν
578 3511 719 3601 ποταμὸν
737 3504 897 3604 Ῠπσριίθην
911 3513 999 3602 πέρα,

262 3616 304 3702 ὃς,
317 3613 333 3641 *
347 3618 455 3693 ἠπίαις
466 3622 611 3708 φωναῖσιν
627 3617 767 3709 ἔμφρονος
781 3617 872 3709 λόγου

262 3726 390 3816 κόμποις
406 3718 594 3815 παφλόζων,
609 3721 708 3801 ἠπίοις
721 3725 917 3813 πυκνώμασιν

263 3828 363 3925 ’πρὸς
375 3836 438 3899 πᾶν
453 3823 546 3909 θύσας
560 3832 644 3926 ἔχει,

264 3939 414 4032 μισθωτὸς
429 3929 514 4032 ἄρδοι
527 3928 620 4006 mlta
634 3946 689 4006 τοῦ
702 3928 884 4015 telonem.

215 4069 303 4123 Versu
319 4087 329 4122 ι
348 4078 475 4124 extremo
486 4077 515 4124 et
526 4067 610 4123 initio
625 4085 642 4123 a
656 4066 723 4122 libri
736 4062 852 4145 ripaeos
875 4068 997 4136 σηπίαις,

214 4175 269 4230 pru
292 4174 350 4230 quo
370 4155 522 4213 Jacobsius
545 4153 626 4243 πόρσ,
640 4150 669 4221 ός
684 4152 788 4224 ἠπίαις.
804 4155 859 4233 Pro
876 4153 999 4229 repetito

214 4241 300 4313 ἠπίαις
322 4262 405 4300 versu
434 4243 450 4298 3
474 4244 613 4301 Dobraeus
635 4240 764 4317 αίμόλοις.
797 4243 886 4298 Versu
915 4246 931 4306 i.
958 4240 999 4296 sie

214 4331 382 4406 Schweigb.;
407 4331 473 4387 libri
504 4327 718 4409 προσπανδύσας.
745 4328 871 4384 Exclusis
894 4326 997 4403 glosse-

213 4420 294 4494 matis
308 4437 360 4493 ego
373 4420 413 4475 sic
427 4419 543 4490 scribo,

261 4515 302 4598 ός,
313 4516 444 4592 ἠπίυισιν
458 4519 603 4611 ἔμφρονος
618 4517 799 4610 πυκνώμασι

261 4625 353 4718 λόγου
368 4620 558 4715 παφλάζων,
575 4624 647 4717 πρός
663 4650 697 4691 το
716 4628 777 4691 πᾶν
792 4614 891 4699 δυ’σιις
906 4624 995 4711 ἔχων.

213 4750 282 4825 Οωτο
296 4752 326 4808 in
340 4752 434 4810 latinis
445 4752 545 4811 reddo.
592 4838 607 4897 γ

255 4944 359 5000 Athen.
379 4963 411 5019 9,
425 4963 454 5017 p.
479 4948 554 5013 lup,
576 4942 616 5013 F,
637 4939 674 4995 de
692 4939 864 4997 Telemacho
888 4940 998 4996 Achai·-

210 5031 294 5085 ¹nensi
309 5031 454 5099 disserens,
472 5030 559 5084 nllato
574 5029 708 5084 Timoclis
719 5029 878 5104 fragmento
896 5046 912 5084 e
928 5028 999 5083 Dio·

214 5133 305 5190 nyso,
319 5119 356 5171 itn
369 5117 481 5191 pergit:
498 5117 525 5172 tv
539 5116 562 5173 θ’
575 5113 697 5193 Ἰκαρίοις
712 5116 832 5193 σατύροις
847 5113 924 5194 φησίν

264 5223 338 5297 ὅστ’
363 5230 442 5320 ἔχειν
468 5223 553 5297 οὐδὲν
579 5225 652 5322 παρ’
675 5236 760 5322 ἡμῖν·
789 5230 946 5323 ίκτεροίσας
969 5221 996 5294 δ’

792 5333 873 5429 (ἂν)
887 5336 995 5413 ἀθλίως

592 5525 619 5576 3.

214 5603 391 5677 piscibusque
409 5603 540 5660 liuentem
551 5602 720 5677 Hyperidem
735 5603 849 5661 fluvium
859 5604 958 5671 transi,

215 5689 279 5760 qui,
291 5688 400 5746 lenibus
410 5687 553 5762 prudentis
567 5690 700 5748 orationis
712 5688 948 5747 modulationibus

214 5781 348 5845 estuans,
358 5782 385 5832 et
395 5790 522 5833 ememus
536 5774 572 5832 ad
584 5775 677 5834 omnia
686 5775 806 5845 hebens,

214 5861 340 5919 mercede
348 5869 459 5936 noeeptn
470 5861 540 5933 riget
550 5876 664 5935 eampos
675 5860 790 5921 datoris.

294 5998 297 6003 .
599 5955 627 6005 4.

250 6038 289 6090 lta
313 6044 344 6091 ut
364 6035 431 6093 nihil
455 6035 569 6093 habeam
590 6017 677 6111 epud'
690 6052 740 6095 uos
763 6054 772 6093 ι
806 6038 891 6093 ietero
905 6043 997 6093 autem

747 6128 756 6192 [
767 6124 865 6182 misere
875 6124 1000 6181 laborans

251 6208 370 6280 prinlum
394 6208 503 6280 quidem
523 6226 595 6283 mgre
617 6208 740 6275 dormio,
761 6218 787 6267 et
807 6210 907 6268 deinde
924 6211 998 6270 'lliu-

817 6299 906 6371 [dippi
916 6302 998 6358 Cleon
1020 6319 1022 6336 ¹

722 1476 859 1537 neore
879 1458 1090 1540 cosmum
1109 1479 1316 1554 nemouim

1098 1623 1204 1706 πρῶτα
1219 1613 1275 1706 μὶν
1290 1620 1426 1705 σκληρῶς
1448 1610 1603 1697 καθεόθω,
1627 1615 1701 1684 κεῖθ’
1722 1622 1846 1687 όΘου·

1591 1715 1703 1791 δίππυυ
1721 1726 1844 1792 Κλέων

1095 1831 1251 1903 παντελῶς
1265 1818 1373 1901 ἔπηξαν
1389 1829 1480 1917 ἡμᾶς·
1499 1822 1550 1917 αἵθ’
1564 1833 1580 1894 ό
1594 1830 1682 1921 λιμὸς
1697 1834 1844 1918 ἥπτετο,

1095 1933 1178 2024 ἔφερέ
1193 1927 1225 1998 π’
1240 1929 1290 1998 οὖν
1307 1957 1345 2025 με
1355 1929 1450 2027 (πρὸς
1465 1931 1584 2027 Δίωνα)
1598 1937 1652 2004 τὸν
1673 1931 1839 2032 διάπυρον·

1673 2041 1763 2111 ἀλλὰ
1779 2043 1843 2138 γὰρ

1048 2137 1069 2209 5
1095 2138 1160 2210 οὐδ’
1176 2147 1284 2223 ἐκεῖνος
1298 2135 1384 2211 οὐδὲν
1399 2138 1475 2238 οίχο.
1495 2146 1571 2240 Πρὸς
1586 2140 1621 2216 δὲ
1634 2149 1685 2217 τόν

1699 2152 1844 2241 χρηστόν

1704 2249 1843 2350 δραμὼν

1097 2356 1280 2449 intimo
1298 2354 1455 2452 λχαρνία,
1471 2359 1565 2453 σωρόν
1582 2385 1617 2427 τι
1631 2361 1759 2456 κυάμων
1775 2389 1839 2430 κα·

1686 2466 1838 2538 salabim

1096 2566 1254 2660 ἀρπάσας,
1266 2569 1381 2635 τούτων
1398 2572 1590 2663 ίνίτραγον·ὀ
1604 2564 1637 2640 θ’
1647 2574 1729 2659 όνος,
1750 2583 1836 2671 ἡμᾶς

1722 2687 1765 2761 ὡς
1779 2690 1838 2778 όρᾷ

1096 2776 1293 2872 (εἰσθοριῖν),
1331 2772 1549 2886 Κηφισόθιιρυς
1577 2781 1643 2877 πυρί
1677 2786 1715 2853 τὸ
1754 2792 1838 2882 βῆμ’

1093 2910 1096 2915 ·
1670 2888 1833 2987 ίπίρδστο.

1048 3152 1136 3206 Versu
1155 3168 1166 3205 1
1181 3154 1264 3225 poeni
1278 3150 1427 3229 ίκπιρᾶσας.
1446 3154 1525 3209 Libri
1542 3156 1677 3213 mendose
1691 3159 1836 3238 νυκπιρεό-

1047 3257 1106 3308 σσς,
1118 3238 1236 3295 νίίιιοσα
1245 3239 1420 3314 adherente,
1431 3258 1491 3314 qna
1500 3239 1599 3297 finitur
1610 3241 1686 3319 ἡμῖν,
1700 3255 1762 3301 tum
1780 3269 1789 3304 ι
1804 3251 1838 3304 io

1046 3348 1073 3395 υ,
1086 3348 1104 3382 α
1120 3327 1201 3397 ineu,
1222 3338 1344 3386 mutato.
1360 3328 1469 3386 inserui
1482 3326 1525 3388 ds.
1548 3332 1582 3385 V.
1599 3348 1617 3387 α
1635 3350 1691 3408 pro
1708 3336 1835 3410 vulgatis

1046 3413 1186 3472 librorum
1204 3406 1262 3473 αίπα
1280 3413 1434 3482 θοόδιππος
1451 3419 1466 3474 ό
1485 3414 1552 3475 λίων
1569 3421 1713 3495 ingeniose
1733 3424 1832 3499 Berg-

1046 3503 1109 3559 kius
1131 3491 1177 3561 εἷθ’
1193 3506 1208 3563 θ
1225 3503 1379 3564 Θυυδίππου
1399 3503 1501 3566 Κλέων.
1521 3509 1711 3564 «valterum
1731 3524 1836 3586 poeta,

1047 3603 1104 3647 tum
1116 3590 1332 3667 vemfrigusme
1340 3598 1460 3661 vexarit,
1472 3613 1527 3669 pro
1533 3597 1595 3670 ipso
1601 3594 1706 3671 frigore
1713 3598 1833 3655 ludibrii

1047 3697 1132 3736 causa
1144 3681 1279 3738 Cleonem
1292 3683 1451 3743 nominans.
1467 3683 1601 3741 Cleonem
1615 3701 1683 3740 vero
1697 3686 1832 3763 intelligit

1046 3785 1123 3838 eum,
1135 3770 1261 3843 inquom
1275 3771 1684 3847 lsaeuscomposuitoratiunem
1696 3772 1734 3829 de
1746 3777 1832 3849 Asty-

1045 3856 1118 3933 phili
1139 3856 1314 3926 hereditate,
1335 3858 1367 3914 in
1383 3875 1442 3930 qun
1459 3860 1591 3916 oratione
1610 3860 1677 3916 Cleo
1698 3860 1831 3923 disertim

1015 3974 1018 3977 ·
1046 3943 1192 4019 Thudippi
1204 3942 1278 3999 filins
1290 3953 1410 4000 vocatur
1436 3942 1516 4020 517,
1539 3946 1657 4021 aliisque
1668 3948 1748 4006 locis.
1769 3949 1829 4021 Qui

1046 4030 1338 4106 Thndippnsiortnsse
1348 4030 1372 4086 is
1381 4038 1434 4106 est,
1445 4045 1530 4103 quem
1539 4029 1717 4089 Athenienses
1724 4036 1832 4111 olymp.

1051 4117 1118 4189 115,
1135 4117 1151 4174 3
1168 4119 1249 4195 (aute
1263 4119 1330 4178 Chr.
1352 4116 1541 4191 natmn317)
1561 4119 1645 4175 simul
1665 4137 1730 4176 eum
1752 4122 1832 4179 Pho·
1863 4150 1866 4154 ·

1046 4206 1129 4263 cisne
1139 4208 1281 4284 supplicio
1293 4205 1466 4278 effecerunt3
1477 4225 1506 4265 v.
1519 4202 1597 4266 Plut.
1606 4208 1664 4264 vit.
1677 4209 1837 4269 Phocionis
1872 4236 1878 4243 ·

1046 4312 1076 4350 ο.
1089 4292 1125 4351 35
1138 4305 1166 4351 et
1179 4294 1323 4371 Apophtb
1332 4312 1364 4371 p.
1384 4294 1451 4369 189,
1467 4296 1500 4351 B.
1515 4296 1562 4349 ιΕ
1575 4295 1619 4355 Μ.
1629 4296 1720 4352 Versu
1734 4302 1749 4361 t
1761 4298 1831 4353 libri

1046 4378 1151 4459 ίφίριπο
1170 4380 1234 4462 πρὸς
1256 4380 1354 4441 Δίωνα.
1370 4384 1403 4441 V.
1420 4380 1436 4439 5
1459 4407 1471 4431 υ
1493 4379 1608 4460 χρηστόν
1629 4383 1698 4439 dicit
1715 4384 1835 4442 fortusse

1045 4466 1177 4535 fatuum:
1195 4490 1224 4529 v.
1238 4470 1389 4531 Ruhnken.
1402 4470 1523 4528 adTim.
1534 4490 1565 4547 p.
1584 4470 1650 4531 132.
1662 4498 1674 4521 ι
1683 4474 1771 4531 Mein.
1785 4474 1830 4531 Cf.

1046 4559 1130 4616 etiam
1142 4557 1249 4616 Lethen
1264 4557 1401 4616 tabulam.
1416 4559 1451 4617 V.
1470 4579 1485 4630 7
1499 4556 1633 4635 ίνίπραγον
1646 4578 1680 4616 ex
1694 4562 1715 4616 B
1727 4561 1831 4618 codice

1045 4648 1131 4703 Dind.
1144 4666 1199 4724 pro
1212 4645 1364 4727 ίνίτραγον.
1376 4649 1412 4705 V.
1423 4645 1440 4702 8
1450 4644 1572 4725 είαθοριῖν
1584 4646 1658 4704 torte
1668 4649 1831 4723 neglectum

1045 4753 1104 4791 esse
1118 4736 1188 4791 mihi
1205 4738 1294 4792 visum
1307 4748 1350 4792 est
1363 4746 1429 4811 post
1446 4737 1547 4792 similia
1559 4736 1593 4800 ὡς
1608 4738 1664 4814 όρᾷ.
1679 4738 1832 4794 Lacunoso

1045 4825 1138 4879 versui
1159 4824 1283 4880 Meinels.
1311 4842 1478 4880 succurrens
1497 4826 1591 4880 minus
1612 4825 1802 4899 probabiliter
1823 4848 1830 4881 :

1044 4910 1079 4974 ὡς
1088 4911 1148 4989 όρᾷ,
1159 4901 1300 4986 (ὡσπερεί)
1311 4910 1394 4988 Κηφ.,
1404 4914 1740 4968 recteautemarticulum
1751 4914 1766 4968 ό
1779 4913 1832 4969 de-

1044 4999 1121 5069 lens,
1136 5001 1186 5073 qui
1203 5000 1327 5055 inlibris
1347 5011 1469 5056 estante
1486 5000 1559 5079 Κηφ.
1576 5003 1619 5057 De
1632 5001 1831 5077 Cephisodoro

1044 5098 1159 5142 oratore
1173 5088 1242 5142 citat
1259 5087 1412 5146 Ruhnken.
1430 5090 1502 5147 illst.
1520 5090 1585 5147 crit.
1606 5100 1680 5146 orat.
1696 5108 1727 5163 p.
1741 5089 1788 5157 θα,
1804 5102 1833 5145 et

1045 5174 1224 5231 commodea
1245 5175 1367 5250 Bergkio
1389 5176 1473 5233 allata
1494 5179 1728 5251 Harpocrationis
1743 5178 1831 5233 verba

1045 5281 1075 5336 p.
1092 5281 1144 5332 17¹
1165 5260 1372 5338 τίίηφισόδωρος
1440 5261 1632 5341 κεκωμῴδηται
1653 5262 1680 5321 δὲ
1703 5254 1775 5328 οὗτος
1794 5267 1831 5328 ὡς

1042 5347 1149 5418 θνώδης.

1080 5531 1189 5589 prorsus
1208 5531 1259 5573 noe
1279 5517 1442 5590 oongelabat
1464 5537 1470 5572 ε
1495 5526 1588 5591 postea
1609 5518 1696 5577 fames
1708 5534 1752 5576 me
1771 5534 1829 5591 pre·

1714 5604 1830 5673 [hendit

1081 5690 1224 5769 rapuitque
1239 5689 1346 5749 hinead
1363 5693 1478 5751 Dionem
1492 5692 1647 5750 fervidum:
1663 5692 1712 5749 sed

1045 5784 1062 5834 5
1081 5793 1116 5834 ne
1130 5778 1153 5832 is
1166 5774 1277 5847 quidem
1286 5778 1384 5836 babuit
1394 5779 1565 5857 quidquam:
1581 5794 1665 5851 quare
1678 5778 1714 5835 ad
1725 5778 1830 5835 bonum

1614 5865 1830 5933 [Telemachum
1880 5920 1883 5929 ,

1081 5950 1284 6007 Aehamensem
1295 5950 1585 6018 aucentesimum
1597 5965 1736 6017 euersum,
1747 5968 1830 6024 quem

1664 6052 1831 6100 inveneram,

1081 6128 1223 6201 abreptum
1237 6126 1381 6192 devoreris
1402 6128 1496 6183 asinus
1515 6133 1623 6192 autem,
1648 6133 1679 6181 ut
1693 6141 1744 6180 nos
1760 6125 1831 6180 videt

1082 6200 1225 6284 (irruerem
1244 6216 1445 6289 Cephisodotus
1463 6214 1549 6286 gradu
1575 6221 1633 6269 tam
1659 6228 1763 6282 nroqiio
1787 6221 1826 6264 nt·

1558 6302 1693 6367 [tonilum
1709 6296 1824 6370 mpetu
