4084 8009
1855 1495 2176 1557 uAcuoN
2188 1539 2203 1556 .

3532 1508 3644 1557 68³

422 1632 486 1687 V.
517 1629 548 1684 3
582 1630 711 1683 libri
756 1645 901 1683 voce
937 1626 1149 1703 ἡμερῶν
1194 1628 1480 1683 molestius
1513 1626 1768 1699 trajecta,
1815 1630 1843 1685 ὁ
1880 1628 1980 1685 ἀπ.
2079 1626 2235 1687 ἑπτά.
2257 1630 2482 1687 Ibidem
2506 1631 2852 1706 epigramma
2874 1631 3158 1702 sepulcro¹
3176 1628 3299 1701 ejus
3318 1631 3650 1704 inscriptum

421 1718 625 1794 πρῶτος
660 1717 870 1794 ἡμερῶν
893 1735 1043 1773 ποτε.
1063 1719 1126 1771 V.
1157 1723 1187 1781 4
1207 1715 1378 1771 iidem
1400 1712 1593 1793 ἀφύης,
1609 1735 1725 1790 quo
1748 1728 1984 1792 accepto
2076 1717 2284 1792 legitur
2303 1717 2452 1776 hoc:

422 1804 779 1860 desideratur
832 1805 1187 1859 accusativus
1227 1805 1517 1877 pertinens
1575 1805 1653 1860 ad
1694 1802 1980 1882 παρέθηκε.
2076 1826 2170 1901 Τῷ
2197 1824 2636 1906 κωμῳδογράφῳ,
2665 1769 2831 1905 '‘m—qm
2863 1790 3101 1895 χόνὴζὸς,
3123 1823 3393 1903 φιλάγωνα

423 1895 585 1948 Nunc
616 1889 782 1970 ἀφύης
806 1892 972 1948 facile
988 1892 1322 1966 intelligitur
1340 1892 1400 1947 in
1422 1893 1724 1967 participio
1742 1892 1877 1949 ἐπιθ.
1896 1893 1987 1948 vel

2159 1913 2339 1971 κισσὸν
2359 1912 2489 1991 ὑπὲρ
2518 1910 2721 1988 τύμὸου
2750 1916 2921 1981 ζῶντα
2945 1910 3172 1990 Μάχωνι
3203 1912 3408 1992 φέροις,

419 1982 531 2037 hoc
553 1982 811 2038 absolute
835 1981 1050 2038 dictum
1078 1991 1181 2038 est.
1212 1982 1416 2038 Literae
1443 2002 1471 2036 ν
1493 1992 1552 2037 et
1568 2000 1600 2038 σ
1625 1982 1834 2057 passim
1851 1999 1988 2036 con-
2080 2000 2140 2059 οὗ
2159 1999 2263 2080 γὰρ
2293 1999 2432 2079 ἔχεις
2452 2003 2662 2080 κηφῆνα
2685 2000 3077 2078 παλίμπλυτον,
3098 1998 3215 2058 ἀλλ’
3247 1999 3349 2078 ἄρα
3379 1998 3567 2082 τέχνης

421 2069 573 2127 fusae.
591 2074 659 2128 V.
687 2068 720 2125 5
745 2071 822 2124 ita
840 2067 1044 2138 Mein.;
1064 2069 1195 2123 libri
1214 2067 1506 2147 παρέθηκεν
1529 2067 1705 2137 ἡδείας
1720 2069 1809 2124 vel
1824 2066 1983 2138 ἡδεῖς.

2161 2086 2303 2156 ἄξιον
2333 2087 2560 2168 ἀρχαίης
2583 2086 2824 2169 λείψανον
2848 2087 3134 2167 ἧμφίεσας.

421 2159 490 2213 V.
511 2178 540 2228 7
566 2158 645 2213 sic
666 2158 911 2215 Porson.
930 2166 987 2212 et
1004 2156 1195 2214 Elmsl.
1211 2156 1285 2213 ad
1297 2156 1547 2215 Acham.
1568 2155 1705 2226 300,
1725 2175 1795 2212 ex
1813 2156 1990 2214 Suida
2081 2179 2234 2236 ,τά-,το
2272 2175 2317 2235 δ’
2358 2181 2388 2237 ὁ
2412 2174 2642 2257 πρζσὸυς
2667 2174 2797 2255 lpu,
2826 2204 2850 2228 ..
2884 2176 3153 2257 kapome
3192 2175 3317 2236 πόλι
3330 2220 3348 2252 ‚
3380 2175 3468 2235 ml
3511 2174 3658 2252 παρὰ

423 2248 522 2318 qui
550 2245 623 2310 εἰς
655 2242 837 2323 μακρὰ
867 2240 959 2301 καὶ
993 2240 1180 2318 λεπτὰ,
1214 2242 1388 2301 codd.
1439 2244 1584 2301 BCD
1624 2241 1779 2318 ἔτεμε
1819 2241 1989 2302 λεπτὰ

424 2331 564 2409 (sine
582 2332 707 2409 εἶς),
733 2336 829 2391 VL
872 2329 1055 2406 ἔτεμεν
1084 2330 1154 2396 είς
1191 2326 1360 2387 λεπτὰ
1389 2329 1612 2409 σφόδρα.
1652 2334 1770 2407 Ego
1798 2334 1990 2388 malim

423 2418 688 2496 γογγυλίδ’
709 2416 892 2495 ἔτεμεν
919 2419 992 2483 εἰς
1017 2414 1188 2475 λεπτὰ
1222 2415 1313 2473 καὶ
1347 2414 1561 2496 μακρὰ,
1590 2417 1810 2497 σφόδρα,
1845 2419 1993 2476 dele·

423 2518 482 2562 to
502 2506 697 2578 ταύτην
726 2508 932 2565 inutili.
959 2510 1028 2564 V.
1063 2526 1086 2561 1
1103 2525 1127 2563 1
1155 2503 1390 2562 δυώδεκα
1409 2507 1545 2565 cod.
1586 2510 1663 2576 1.;
1698 2509 1797 2564 alii
1824 2505 1989 2564 δώδε-

421 2619 513 2667 κα,
545 2617 708 2654 versu
737 2597 1109 2656 claudicante.
1146 2599 1213 2653 V.
1248 2614 1314 2651 ια
1353 2591 1506 2653 ἔλυσε
1537 2595 1691 2653 idem
1727 2598 1859 2655 cod.
1892 2599 1989 2673 L.;

422 2682 606 2761 ἔγλυσε
666 2690 731 2743 V.
790 2687 1021 2743 Porsen.
1061 2680 1260 2743 ἔπαυσε
1279 2725 1298 2758 ,
1344 2684 1504 2757 cujus
1556 2702 1662 2742 nec
1714 2686 1845 2743 vola
1886 2704 1990 2742 nee

422 2774 719 2849 vestigium
743 2775 803 2831 in
828 2773 1009 2830 libris.
1036 2773 1103 2828 V.
1141 2777 1207 2837 xl.
1229 2787 1536 2846 perperam
1562 2771 1693 2828 libri
1715 2766 1863 2847 ἔλεγε
1887 2773 1993 2837 τοῖς

423 2858 607 2938 φίλοις.

1183 2972 1238 3012 a.

504 3076 761 3131 Stobaeus
788 3075 944 3131 Flor.
971 3073 1029 3149 6,
1056 3092 1155 3149 αι,
1177 3092 1309 3132 cum
1334 3074 1526 3130 lemm.
1556 3068 1833 3149 Εὔφρονος.

523 3195 652 3257 Οὐκ
683 3192 817 3257 ἔστι
850 3199 1064 3279 μοιχοῦ
1097 3183 1301 3279 μεῖζον
1332 3184 1468 3255 οὐδὲ
1498 3186 1559 3255 ἓν
1583 3188 1771 3255 κακόν
1791 3215 1806 3230 ·

522 3300 579 3362 ἐν
615 3302 753 3372 ταῖς
781 3293 893 3387 γὰρ
922 3297 1134 3385 ἑτέρων
1165 3298 1398 3379 βούλετ’
1437 3293 1716 3383 ἀτυχίαις
1735 3299 1986 3386 τρυφᾷν.

1024 3575 1035 3586 “
1155 3576 1275 3637 XC.

999 3715 1415 3783 MACHON.

515 3907 535 3930 a
577 3881 810 3948 Mache,
865 3879 1208 3955 Apollodori
1254 3881 1493 3953 Carystii
1529 3881 1776 3953 aequalis,
1810 3880 1990 3954 patria

427 3969 750 4024 Corinthius
783 3970 897 4023 sive
937 3969 1260 4040 Sicyonius,
1285 3968 1674 4043 Aristophanis
1704 3987 1992 4042 gramma-

427 4058 524 4112 tici
540 4058 821 4132 magister‚
842 4057 939 4130 qui
958 4055 1154 4111 floruit
1170 4056 1274 4111 sub
1295 4057 1608 4112 Ptolemaeis
1624 4057 1992 4133 Philopatore

427 4158 485 4216 et
512 4149 805 4220 Euergeta.
828 4145 1033 4203 Athen.
1058 4146 1114 4213 6,
1135 4165 1198 4220 p.
1225 4152 1361 4213 241,
1383 4146 1451 4204 F.
1482 4163 1498 4203 t
1524 4143 1731 4220 Μάχων
1751 4147 1989 4223 ὁκωμῳ-
2038 4177 2041 4186 1

428 4230 672 4300 διοποιὸς,
713 4234 741 4287 ὁ
781 4228 1046 4308 Κορίνθιος
1080 4227 1175 4304 μὲν
1215 4227 1250 4298 ἢ
1294 4228 1576 4293 Σικυώνιος
1603 4230 1897 4305 γενόμενος,
1938 4235 1998 4290 ἐν’

430 4317 789 4396 Ἀλεξανδρεία
811 4318 864 4373 δὲ
887 4319 954 4392 τῇ
976 4319 1079 4397 ἐμῇ
1099 4314 1405 4390 καταὸιοὺς,
1428 4315 1516 4373 καὶ
1540 4315 1849 4385 διδάσκαλος
1875 4319 1990 4396 [γε-

428 4403 663 4482 νόμενος]
688 4406 792 4461 τῶν
814 4402 952 4460 κατὰ
978 4402 1259 4483 κωμῳδίαν
1280 4404 1450 4482 μερῶν
1482 4401 1875 4483 Ἀριστοφάνους
1901 4409 1991 4464 τοῦ
2038 4408 2040 4418 ’

429 4495 819 4569 γραμματικοῦ·
844 4504 901 4549 et
929 4501 1019 4562 14,
1043 4512 1106 4567 p.
1128 4492 1266 4561 664,
1292 4494 1341 4548 Α
1369 4512 1381 4547 :
1412 4489 1622 4569 Μάχων
1652 4491 1698 4549 δ’
1728 4494 1755 4549 ὁ
1789 4491 1994 4551 Σικυώ·

430 4602 531 4644 νιος
557 4583 657 4636 τῶν
689 4578 783 4654 μὲν
811 4581 930 4637 κατ’
960 4578 1348 4659 Ἀπολλόδωρον
1366 4577 1457 4638 τὸν
1484 4577 1781 4657 Καρύστιον
1809 4604 1997 4660 κωμῳ·

430 4671 644 4727 διοπιῶν
687 4658 759 4733 εἷς
787 4669 898 4726 ἐστι
939 4667 1031 4726 καὶ
1072 4666 1257 4740 αὐτὸς,
1301 4669 1396 4727 οὔκ
1420 4665 1623 4736 ἐδίδαξε
1663 4669 1709 4727 δ’
1751 4667 1995 4740 Ἀθήνησι

431 4754 710 4835 κωμῳδίας
743 4754 837 4823 τὰς
879 4758 1093 4838 ἑαυτοῦ,
1128 4754 1241 4814 ἀλλ’
1272 4758 1326 4815 ἐν
1355 4755 1739 4836 Ἀλεξανδρείᾳ·
1770 4761 1996 4833 paucis-

431 4866 543 4920 que
572 4846 905 4919 interjectis:
937 4848 966 4902 δ
987 4842 1355 4923 γραμματικὸς
1390 4843 1763 4926 Ἀριστοφάνης
1795 4845 1995 4906 conosi-

433 4934 560 4990 δασε
593 4931 922 5010 συσχολάσαι
964 4932 1127 5011 αὐτῷ,
1165 4930 1274 4998 νίος
1307 4928 1397 4989 ὧν.
1432 4932 1793 4990 Alexandriae
1817 4953 1994 5007 quum

432 5022 698 5077 docuerit
724 5021 971 5090 fabulas,
998 5021 1059 5075 in
1082 5022 1404 5076 Atticorum
1433 5022 1796 5077 Comicorum
1817 5022 1996 5078 histo-

431 5112 516 5166 ria
557 5112 744 5166 omitti
773 5111 997 5184 potuit,
1047 5107 1262 5179 fateor3
1310 5109 1410 5166 sed
1454 5110 1849 5166 Alexandrinis
1890 5112 1998 5166 illis

435 5203 756 5257 Atticorum
801 5201 1091 5275 ingenium
1139 5199 1593 5272 exprimentibus
1643 5200 1805 5255 locus
1851 5201 1998 5254 inter

435 5299 652 5343 ceteros
672 5287 964 5344 comoediae
988 5298 1248 5343 auctores
1273 5305 1393 5343 nou
1427 5287 1729 5343 videbatur
1755 5305 1871 5342 esse
1899 5287 1994 5343 de·

434 5375 738 5446 negandus.
777 5377 862 5430 De
892 5377 1117 5449 poetica
1150 5377 1261 5430 viri
1291 5376 1485 5432 indole
1521 5377 1726 5435 Athen.
1761 5395 1820 5451 p.
1855 5374 1993 5448 664,

439 5465 481 5517 Α
518 5478 531 5516 :
562 5450 625 5527 ἦν
650 5458 695 5515 δ’
723 5455 911 5534 ἀγαθὸς
941 5460 1193 5534 ποιητὴς,
1225 5460 1275 5518 εἴ
1302 5484 1380 5527 τις
1411 5461 1566 5527 ἄλλος
1594 5464 1695 5518 τῶν
1726 5459 1859 5537 μετὰ
1882 5457 1999 5527 τοὺς

1199 5635 1251 5685 2.

440 5720 561 5771 Non
587 5723 669 5770 est
699 5713 912 5770 moecho
936 5715 1114 5786 majus
1136 5716 1521 5790 quodcumque
1550 5718 1754 5775 malum
1780 5739 1791 5773 ;

439 5804 493 5857 in
522 5802 753 5858 aliorum
773 5801 919 5858 enim
950 5799 1263 5857 infortuniis
1287 5804 1402 5859 vult
1429 5804 1689 5861 lascivire.

1056 5889 1382 5945 lNSClTlA.

437 5974 665 6029 suavius
685 5972 819 6029 nihil
843 5983 927 6031 est
948 5974 1081 6032 mihi
1102 5981 1325 6047 mattya.

440 6064 557 6117 lloc
585 6070 766 6117 utrum
798 6064 958 6134 primi
979 6062 1306 6122 Macedones
1330 6079 1431 6119 nos

435 6147 718 6202 docuerint
748 6149 956 6204 Atticos
973 6189 988 6214 ‚
1010 6163 1078 6204 an
1103 6165 1286 6208 revera
1312 6148 1422 6219 dii,

437 6236 618 6290 nescio
635 6255 648 6301 3
668 6234 758 6291 sed
789 6237 1096 6308 peritissimi
1123 6239 1345 6308 quidem
1368 6241 1694 6313 cujusquam
1717 6241 1998 6294 inventum

1875 6330 2000 6394 [est.

2162 2352 2304 2411 ἔστιν
2331 2352 2408 2413 ὅτ’
2431 2356 2485 2413 ἕν
2515 2354 2751 2421 Μούσαις
2778 2352 2935 2433 δριμὺ
2965 2313 3167 2434 πίφυκε
3195 2351 3335 2429 μέλι.
3374 2381 3399 2404 n
3482 2264 3658 2344 Νιίλῳ

2086 2464 2296 2520 Praeter
2323 2463 2581 2521 dramata
2621 2462 2864 2519 Machon
2890 2462 3143 2519 versibus
3173 2463 3409 2518 senariis
3438 2463 3661 2537 scripsit

2086 2549 2313 2630 Χρείας,
2355 2554 2414 2609 in
2456 2553 2664 2627 quibus
2712 2552 2891 2609 multa
2924 2551 3240 2606 multorum
3271 2549 3472 2607 festive
3505 2548 3661 2604 dicta

2087 2641 2302 2702 retulit.
2330 2641 2523 2717 Ampli
2539 2683 2557 2715 ‚
2586 2652 2652 2696 ut
2678 2640 2935 2714 videtur,
2965 2639 3154 2715 operis
3189 2637 3505 2715 fragmenta
3525 2638 3661 2715 plu-

2086 2730 2234 2784 rima
2256 2730 2502 2786 servavit
2531 2729 2850 2785 Athenaeus.
2879 2752 2905 2778 n
2933 2729 2989 2783 E
3009 2728 3101 2785 M.

2672 2876 2719 2934 Ι.
2766 2873 3066 2935 Arnon.

2169 3016 2374 3077 Athen.
2402 3024 2493 3084 14,
2516 3035 2577 3091 p.
2614 3013 2754 3086 664,
2780 3014 2855 3089 A,
2887 3013 2961 3071 de
2977 3024 3189 3088 mattya
3217 3012 3236 3089 (
3265 3034 3324 3069 v.
3352 3026 3552 3075 annot.
3585 3014 3662 3071 ad

2089 3103 2374 3179 Aristoph.
2396 3102 2552 3159 Nub.
2583 3099 2723 3175 445)
2749 3097 2992 3172 εἰποίησε
3018 3098 3074 3159 δὲ
3097 3099 3189 3158 καὶ
3209 3090 3356 3167 οὗτος
3377 3102 3661 3179 (Machon)

2088 3190 2141 3247 ἕν
2170 3189 2395 3269 δράματι
2417 3188 2625 3270 Ἀγνοία
2653 3190 2834 3261 ταυτὶ,

2186 3305 2373 3379 ἥδιον
2406 3303 2575 3378 οὐδέν
2603 3309 2732 3378 ἐστί
2761 3336 2866 3403 μοι
2898 3318 3006 3387 τῆς
3040 3311 3331 3402 ματτύης.

2184 3414 2364 3485 Τοῦτ’
2389 3414 2511 3486 εἴτε
2540 3427 2771 3509 πρῶτοι
2792 3407 3138 3493 Μακεδόνες
3173 3422 3298 3492 τοῖς
3329 3409 3613 3495 Ᾰττικοῖς

2183 3517 2539 3601 κατέδειξαν
2571 3528 2743 3613 ἡμῖν,
2769 3521 2894 3589 εἴτε
2911 3521 3155 3598 πάντως
3183 3521 3238 3587 οἱ
3263 3519 3381 3587 Θεοὶ
3400 3571 3422 3599 ,

2185 3632 2292 3694 οὐκ
2311 3623 2485 3696 οἶδα·
2515 3631 2676 3702 πλήν
2702 3630 2861 3705 τινός
2887 3626 3017 3693 ἐστί
3046 3652 3116 3720 γε
3144 3625 3620 3717 μουσικωτάτου.

2088 3760 2268 3814 Versu
2310 3758 2348 3815 3
2390 3754 2694 3824 κατέδειξαν
2742 3757 2879 3814 cod.
2922 3758 3010 3825 L.;
3069 3758 3244 3813 ceteri
3294 3754 3656 3825 κατεδίδαξαν.

2089 3846 2237 3907 ibid.
2263 3848 2455 3922 inepte
2475 3845 2652 3904 codd.
2678 3841 2889 3910 πάντες.
2907 3843 3091 3901 Immo
3110 3842 3343 3920 πάντως,
3362 3845 3424 3903 h.
3454 3863 3503 3904 e.
3528 3845 3663 3915 ἄλη-

2088 3935 2221 3999 oilie:
2257 3934 2334 3993 cs.
2364 3934 2650 4010 Aristoph.
2683 3933 2833 3994 Plut.
2868 3932 3006 4003 273,
3048 3944 3159 3992 etc.
3199 3935 3266 3994 V.
3297 3941 3330 4001 l.
3367 3934 3499 3990 libri
3521 3931 3663 4004 πλὴν

2086 4019 2201 4080 ἔστι
2225 4044 2286 4099 γε
2315 4043 2473 4177 μνοόιέσ.
2499 4019 2658 4088 τινός.
2691 4022 2974 4080 Inutiliter
2993 4021 3312 4097 Schweigh.
3338 4017 3476 4090 πλήν
3510 4020 3562 4096 γ’
3582 4016 3662 4078 ὅτι

2091 4134 2248 4189 μουσ.
2288 4133 2340 4169 τι
2425 4154 2441 4170 .

2606 4235 2683 4294 11.
2722 4233 3135 4295 ΕΠΙΣΤΟΔΗ.

2168 4366 2374 4424 Athen.
2405 4366 2464 4434 8,
2494 4384 2557 4439 p.
2598 4363 2735 4438 345,
2763 4365 2843 4423 F:
2876 4360 3079 4441 εἴρηται
3106 4358 3272 4417 δὲκαὶ
3299 4357 3587 4438 ὀψοφάγος,
3617 4349 3662 4418 ὦ

2089 4453 2316 4530 ἑταῖροι,
2348 4448 2439 4508 καὶ
2462 4448 2522 4507 τὸ
2550 4450 2833 4529 ὀψοφαγεῖν
2949 4447 3155 4525 Μάχων
3186 4445 3500 4527 Ἐπιστολῇ,

2235 4596 2564 4693 ὀψοφάγος
2598 4599 2725 4692 εἰμί
2744 4626 2759 4642 ·
2788 4609 2967 4666 τοῦτο
2998 4591 3058 4664 δ’
3087 4596 3214 4664 ἐστὶ
3241 4606 3349 4674 τῆς
3379 4600 3595 4687 τέχνης

2235 4708 2508 4800 Θεμῖλιον
2540 4713 2714 4799 ἡμῖν.
2762 4705 3273 4799 Προσπεπονθέναι
3303 4730 3364 4769 τι
3394 4697 3497 4771 δεῖ

2234 4816 2342 4880 τὸν
2374 4818 2455 4906 μὴ
2490 4810 2571 4879 τὰ
2593 4813 2999 4904 παρατεθέντα
3029 4811 3473 4903 λυμανούμενον
3491 4835 3505 4849 ·

2236 4920 2637 5011 πεφροντικὼς
2668 4923 2850 4986 αὑτοῦ
2880 4915 2995 5013 γὰρ
3029 4920 3138 4984 οὐκ
3175 4918 3356 4983 ἔσται
3391 4919 3592 4996 κακός·

2094 5023 2133 5095 5
2236 5026 2368 5093 ἐπεί
2396 5020 2477 5110 τ’,
2507 5020 2657 5090 ἐπὰν
2694 5021 2980 5117 ἧκαθαρὰ
2993 5024 3372 5114 τᾴσθητήρια
3394 5072 3413 5105 ,

2237 5138 2344 5199 οὐκ
2371 5126 2443 5197 ἂν
2477 5122 2806 5224 διαμάρτοι
2827 5126 2919 5224 γ’,
2951 5128 3221 5220 ἑψαλέων
3246 5133 3419 5221 γεύου
3433 5130 3653 5196 πυκνά.

2237 5231 2405 5315 Κλας
2448 5242 2558 5305 οὐκ
2588 5239 2748 5328 ἔχει,
2796 5232 3157 5328 προσένεγκ’·
3187 5230 3282 5300 ἔτ’
3347 5227 3656 5328 ἐπιδεῖταί

3471 5362 3624 5412 τινος
3642 5389 3659 5414 ,

2241 5448 2429 5514 πάλιν
2462 5473 2531 5540 γε
2560 5451 2752 5540 γεύου·
2794 5442 3163 5536 συμμετρίαν
3185 5448 3262 5519 ὡς
3284 5444 3545 5536 ἁρμόσᾋς
3568 5492 3586 5524 ,

2699 5629 3063 5686 EPISTOLA.

2200 5720 2427 5794 Opsouii
2453 5735 2577 5777 sum
2606 5717 2778 5777 edax:
2809 5716 2914 5773 hoc
2934 5715 3087 5773 enim
3108 5715 3241 5771 artis
3267 5721 3465 5771 nostrae

2201 5808 2618 5866 fundamentum
2632 5815 2733 5863 est.
2751 5808 2980 5878 Insuper
2993 5803 3152 5876 plecti
3166 5811 3462 5874 utcumque
3479 5801 3656 5870 debet,

2199 5896 2291 5966 qui
2316 5910 2424 5949 non
2445 5900 2529 5947 est
2552 5893 2778 5948 laesurus
2800 5889 3068 5946 adstantia
3097 5909 3111 5944 :

2200 5982 2300 6037 sibi
2330 5982 2475 6037 enim
2507 5979 2843 6052 prospiciens
2870 5975 3018 6034 haud
3047 5977 3191 6033 male
3214 5984 3412 6048 coquet
3451 5996 3469 6044 z,

2094 6075 2126 6124 5
2200 6070 2480 6141 «quioniam,
2513 6068 2561 6123 si
2587 6067 2708 6139 puri
2733 6074 2863 6123 sunt
2886 6081 3098 6130 sensus,

2196 6171 2310 6212 non
2337 6154 2657 6219 erraverint,
2686 6153 2883 6225 saepius
2908 6160 3065 6224 gusta
3087 6153 3261 6209 cibos.

2199 6241 2286 6297 Sal
2306 6256 2413 6296 non
2434 6238 2639 6295 habent
2663 6258 2676 6294 :
2700 6238 2869 6308 addc;
2893 6238 3075 6296 adhuc
3092 6239 3272 6311 aliquo
3298 6238 3543 6310 indigent
3565 6253 3582 6289 z

2199 6328 2378 6385 denuo
2401 6326 2622 6410 quidem
2643 6334 2830 6400 ginta:
2855 6327 3222 6400 symmetriam
3250 6335 3313 6383 ut
3333 6326 3555 6384 efficias.
