4084 8009
888 1486 1090 1564 TlMOCLES.
1532 1436 1544 1458 ί
1735 1500 1791 1549 οιυ

183 1645 245 1701 τροις
267 1623 308 1682 αἰί
327 1620 477 1699 σιτούμενος
490 1610 538 1699 ἦγε
558 1619 696 1699 Πυανέψια
718 1616 816 1696 πορδὴν
835 1617 964 1698 ἑορτήν..

158 1778 160 1781 Α
183 1714 209 1767 E
224 1713 329 1784 Mein,
341 1713 391 1787 qui
403 1729 480 1786 nunc
495 1709 587 1766 edidit

231 1836 264 1876 α.
282 1806 545 1904 Θᾶργηλονούτος
560 1806 682 1901 ἀγκύλη
698 1809 809 1902 χύτραν
825 1811 915 1900 φέρει,

183 1937 398 2079 ιθὲφοὶοιιανίἀσ
408 1938 445 1994 Η.
457 1934 555 2011 Steplr.
564 1934 647 1993 Tbes.
660 1951 690 1991 v.
703 1931 858 2012 Θαργηλία,
869 1953 898 2010 p.
908 1933 963 1992 251

184 2041 199 2078 e
225 2042 338 2080 ,noran

394 2117 475 2178 Vlll.
499 2114 745 2177 deKONTION

223 2241 328 2302 Athen.
344 2240 372 2313 6,
387 2260 419 2319 p.
434 2240 510 2312 237,
522 2242 549 2297 D
563 2236 771 2319 ιχαρακτηρίζιι
788 2238 810 2296 δ’
827 2240 875 2297 οὐκ
886 2239 968 2321 ἀρρύ-

184 2332 255 2405 θμως
263 2326 307 2387 τὸν
318 2326 479 2409 παράσιτον,
492 2324 580 2395 θποῖύς
594 2348 632 2395 τις
644 2325 712 2399 ἐστὶ,
726 2328 793 2404 Tui.
809 2328 837 2387 ίν
848 2330 966 2409 Δρακον-

184 2415 231 2497 rip
242 2414 338 2489 ούτυις,

256 2505 360 2584 ἔπειτ’
377 2519 441 2611 ἐγὼ
448 2515 619 2609 παράσιτον
634 2513 789 2608 ἐπιτρέψω
800 2517 868 2582 τινὶ

255 2624 355 2700 κακῶς
367 2623 487 2716 λέγεινς
505 2622 618 2702 ἥκιστά
633 2627 681 2715 γ’·
705 2612 791 2688 οὐδέν
805 2622 942 2716 ἔστιγὰρ

257 2731 360 2805 ἐντοῖς
374 2730 527 2805 τοσούτοις
540 2730 764 2821 χρησιμώτερον
773 2729 865 2821 γε’νος.

258 2834 295 2901 Εἰ
311 2825 353 2901 δύ
362 2832 421 2901 ’στι
431 2835 466 2901 τδ
476 2835 647 2927 φιλέταιρον
662 2834 693 2900 ἕν
705 2844 812 2901 τιτῶν
828 2842 942 2917 καλῶν,

211 2935 233 3006 5
257 2941 329 3031 ἀνὴρ
344 2939 504 3033 παράσιτος
524 2947 613 3006 τοῦτο
629 2945 712 3006 ποιοῖ
725 2931 778 3006 διὰ
793 2943 908 3019 τέλους,

258 3040 350 3139 Ερᾷς,
365 3050 541 3136 συνεραστὴς
556 3045 777 3138 ἀπροφάσιστος
791 3047 938 3139 γίγνεται·

257 3151 398 3243 πράττεις
414 3176 461 3233 τι,
473 3145 577 3243 προὶξει
592 3152 766 3242 συμπαρὼν,
782 3143 802 3217 d
809 3177 839 3218 τι
854 3146 889 3216 ἂν
901 3146 967 3243 δέῃ,

185 3279 187 3283 ’
258 3248 362 3322 δίκαια
379 3255 477 3323 ταύτὰ
490 3266 536 3343 τῷ
550 3259 689 3350 τρέφοντι
705 3260 880 3349 νενομικὼς,

181 3426 192 3449 ,
256 3362 441 3440 κάπαινίτης
456 3363 628 3455 θαυμαστὸς
644 3357 704 3440 οἷος
718 3371 780 3429 τῶν
796 3362 902 3455 φίλων.

192 3489 232 3533 ιο
258 3467 402 3562 Χαίρουοι
417 3460 546 3537 δείπνων
562 3461 683 3547 ἡδοναῖς
697 3464 891 3563 ἀσομύολοις·

256 3575 304 3652 τίς
313 3567 342 3641 δ’
361 3576 430 3666 οὐχὶ
445 3572 607 3661 itacismi
624 3574 671 3653 τίς
685 3578 761 3667 ἥρως
776 3574 794 3649 ἢ
810 3576 872 3652 θεὸς

220 3684 223 3689 ’
256 3676 478 3774 ἀποδοκιμάζει
490 3685 546 3759 τὴν
555 3683 697 3757 τοιαύτην
714 3675 892 3776 torpidum

257 3790 362 3881 ἵναμὴ
381 3781 416 3855 δὲ
438 3786 541 3856 πολλὰ
556 3794 733 3880 μακρολογῶ
754 3780 799 3854 δι’
815 3788 944 3879 ἡμέρας,

258 3895 421 3986 τεκμήριόν
435 3920 466 3961 τι
475 3894 666 3988 παμμέγεθες
679 3890 767 3987 οἶμαί
779 3901 810 3988 γ’
828 3898 904 3986 ἐρεῖν

191 3992 230 4063 rb
256 4004 348 4066 ὁτῶν
359 4001 532 4093 παρασίτων
546 4006 585 4078 ὡς
594 4000 759 4092 τετίμηται
775 3999 846 4086 βίος·

257 4108 329 4199 γέρα
340 4103 398 4198 γὰρ
414 4110 520 4185 αὐτοῖς
533 4101 631 4171 ταύτὰ
646 4110 714 4182 τοῖς
731 4107 895 4197 τώλύμπια

259 4218 362 4277 νικῶσι
379 4204 500 4277 δίδοται
514 4210 722 4303 χρηστότητος
737 4213 859 4290 οὔνεκα,

257 4316 387 4393 σίτησις·
404 4314 438 4383 ού
450 4308 485 4383 dl
502 4321 549 4408 pst
558 4313 695 4395 τίθενται
708 4311 869 4408 οομύολαὶ,

258 4429 423 4513 πρυτανεῖα
430 4419 516 4489 ταῦθ’
528 4422 652 4490 ἅπαντα
660 4426 917 4516 προσαγορευτέα.

185 4553 270 4609 Dicta
277 4550 412 4609 adversus
420 4561 631 4629 contemptores
641 4552 843 4628 parasitomm.
853 4554 970 4609 Versus

184 4637 211 4714 γ’
232 4642 350 4698 οοοσαιὶι
371 4659 406 4697 err
426 4642 481 4699 BP.
495 4640 588 4701 Versu
611 4640 708 4698 dlibri
725 4637 858 4707 τοιούτοις.
877 4641 969 4699 Ιιιιιοο

186 4729 339 4803 oportebat
358 4728 384 4784 ir
407 4734 461 4795 τοῖς
479 4725 621 4799 τοσούτοις,
638 4734 711 4785 iuter
728 4741 767 4785 rut
783 4740 969 4805 spectatores.

184 4818 280 4876 locus.
294 4819 329 4875 V.
346 4822 363 4884 d
379 4816 446 4873 libri
460 4819 555 4874 minus
572 4818 647 4875 bene
659 4816 721 4875 εἶδ’
732 4815 801 4878 ἔστι.
816 4817 904 4891 Quod
918 4836 970 4875 se-

176 4904 283 4979 ,quium
293 4900 324 4961 τθ
338 4903 466 4961 additum
478 4905 625 4963 aCasaub.
639 4907 729 4962 Versu
746 4904 762 4962 5
776 4907 920 4963 occultate
930 4916 971 4962 est

184 4991 215 5047 in
226 4991 295 5047 thesi
306 5009 362 5048 vox
375 4992 537 5065 gravissima
551 4988 651 5069 παραίσ.
665 4991 766 5049 Scribo

130 5117 133 5122 ⁴
173 5093 178 5104 '
232 5090 396 5183 παροίσιτος
411 5083 475 5181 (ἂν)
489 5092 561 5180 ἀνὴρ
576 5100 666 5157 τοῦτο
682 5097 766 5158 ποιεῖ
779 5099 844 5160 uic.

451 5276 706 5332 DRACONTIUM.
868 5332 872 5339 .

239 5357 397 5417 'trudemus
409 5374 460 5432 ego
472 5361 575 5433 patiar,
589 5368 622 5418 ut
635 5361 752 5435 parasito
764 5360 909 5434 quisquam

240 5444 402 5503 maledicat?
413 5448 528 5506 minime
543 5465 650 5523 :neque
664 5450 738 5508 enim

240 5530 309 5587 inter
320 5538 362 5588 tot
371 5529 501 5592 homines
509 5534 605 5593 utilius
617 5550 705 5609 genus
715 5542 763 5593 est.

239 5621 341 5676 Sancsi
352 5618 429 5692 quod
439 5620 578 5679 bonorum
586 5632 629 5681 est
640 5623 742 5681 sodalis
752 5639 843 5686 amor.

205 5712 224 5763 5
241 5706 282 5762 vir
294 5706 429 5780 parasitus
440 5722 506 5765 sum
517 5725 630 5782 prorsus
641 5719 758 5770 exercet.

242 5797 342 5852 Amas?
358 5794 441 5852 simul
454 5804 528 5853 amat
539 5798 598 5855 siue
611 5800 802 5865 excusation03

237 5881 425 5955 agnaliqmdr
437 5882 510 5941 idom
519 5891 582 5956 agat
592 5898 783 5958 prauusque
793 5900 863 5958 opus
878 5883 970 5951 luerit,

237 5968 351 6039 eadem,
364 5985 426 6042 quae
440 5970 488 6043 qui
501 5972 599 6040 nutrit
613 5971 686 6045 justa
701 5980 813 6045 putans,

239 6058 379 6129 mirusque
389 6057 511 6116 laudator
520 6059 681 6117 amicomm.

189 6148 221 6196 ιο
235 6141 364 6199 Gaudent
369 6147 495 6217 puroslll
503 6160 645 6203 coenarum
655 6144 759 6203 deliciis
769 6146 826 6203 sine
833 6146 970 6221 symbola:

239 6232 299 6320 quis
312 6247 374 6288 vero
385 6249 441 6289 non
457 6233 559 6305 φοιτάσι
574 6235 744 6305 mortalium,
763 6244 808 6292 aut
821 6236 974 6307 quoheres

848 6325 897 6390 let
906 6321 973 6381 deus

1011 1618 1146 1674 Versibus
1158 1617 1212 1672 oet
1224 1636 1238 1687 7
1250 1616 1289 1674 ila
1300 1617 1439 1677 Diodori..
1448 1638 1502 1693 pro
1514 1616 1613 1694 γίνεται
1621 1630 1649 1673 et
1657 1616 1791 1694 προίσσεις.

1010 1709 1044 1762 V.
1055 1724 1074 1779 9
1085 1706 1188 1782 vulgo,
1199 1706 1315 1762 duriore
1326 1705 1480 1781 asyndetO,
1494 1704 1640 1777 ἐπαινέτης.
1654 1708 1725 1762 Tum
1736 1726 1793 1761 ma·

1011 1794 1061 1848 lim
1077 1792 1281 1868 θαυμαστόν.
1301 1796 1388 1852 Versu
1410 1813 1472 1851 ro·
1489 1796 1555 1852 cod.
1574 1797 1596 1852 B
1619 1791 1795 1869 ἢσυμύολοις

1011 1900 1067 1957 pro
1091 1878 1262 1955 ἆσομύύλοις.
1285 1884 1353 1940 Ante
1372 1884 1449 1939 bunc
1474 1902 1587 1940 uersum
1611 1883 1708 1941 forsan
1726 1885 1796 1946 alius

1011 1971 1131 2042 excidit,
1146 1969 1226 2042 cujus
1238 1972 1268 2027 in
1281 1970 1338 2028 fine
1348 1971 1502 2028 becverbe
1513 1972 1618 2028 fuerint
1631 1970 1692 2048 τάχ’
1707 1968 1738 2027 du
1750 1969 1795 2029 λί-

1012 2055 1067 2126 ξαις
1075 2057 1117 2118 dri
1127 2062 1172 2117 vel
1183 2058 1246 2125 ῐαιις
1257 2059 1339 2127 λίξιις
1349 2057 1400 2119 dri.
1416 2063 1530 2119 »Μαῖα
1546 2065 1635 2119 Versu
1653 2080 1684 2117 ιι
1702 2065 1795 2118 corri-

1011 2147 1139 2223 gendum
1150 2144 1250 2224 putei
1266 2144 1304 2212 τίς
1315 2145 1386 2225 ἤρας
1403 2145 1464 2204 καὶ
1480 2145 1547 2212 θιύς.
1562 2152 1595 2206 V.
1619 2147 1652 2204 13
1668 2149 1735 2203 libri
1751 2134 1806 2203 ἵνα

1011 2231 1089 2307 θίμθ
1103 2233 1207 2308 πολλὰ,
1228 2235 1307 2310 quod
1321 2236 1403 2293 facile
1419 2236 1583 2292 emendarit
1596 2236 1719 2294 Grotius.
1741 2238 1796 2293 Sed

1011 2324 1184 2381 inconcinna
1197 2324 1257 2381 hnc
1272 2322 1393 2398 judico,
1414 2343 1508 2399 ireque
1530 2325 1714 2382 accesserim
1727 2341 1795 2399 par·

1012 2413 1128 2469 ticulnm
1142 2408 1182 2471 δί.
1197 2416 1260 2469 lmo
1274 2412 1441 2488 absorptum
1449 2424 1511 2469 erat
1527 2409 1559 2481 δὴ
1574 2414 1659 2468 simili
1668 2410 1701 2469 δι’
1718 2433 1725 2467 :

1064 2536 1113 2600 ἵνα
1132 2541 1174 2626 μὴ
1187 2541 1368 2627 μακρολογῶ
1380 2527 1486 2601 πολλθι
1499 2526 1537 2609 δὴ
1554 2529 1595 2599 δι’
1612 2539 1736 2628 ἡμέρας.

1013 2664 1101 2717 Versu
1122 2661 1156 2716 16
1174 2679 1233 2717 non
1247 2660 1362 2717 videtur
1375 2677 1533 2737 congruere
1548 2663 1667 2737 pluralis
1680 2660 1746 2741 γέρα

1012 2744 1097 2806 ταύτὰ
1107 2767 1170 2804 cum
1185 2750 1320 2825 singulari
1331 2752 1381 2822 qui
1396 2749 1652 2823 sequitur-elmete.
1667 2751 1796 2807 Scribam

1012 2831 1116 2912 γίρας
1142 2836 1193 2915 γὰρ
1216 2834 1425 2902 αὖτοῖςταύτδ
1447 2859 1471 2895 τ.
1494 2841 1528 2895 V.
1560 2858 1593 2909 ¹7
1617 2838 1683 2894 libri
1697 2834 1794 2896 εἵνεκα.
1898 2902 1903 2915 ι

1011 2949 1025 2976 ι
1038 2921 1162 2999 Obstru,
1186 2924 1264 2998 quod
1286 2926 1383 2999 posuit
1397 2924 1543 2993 uindorf„
1562 2936 1660 2983 estex
1679 2927 1797 2982 solemni

1017 3005 1199 3062 decretorum
1220 3007 1353 3066 formula.
1376 3032 1389 3056 ι
1411 3008 1502 3063 Mein.
1517 3010 1551 3064 V.
1571 3005 1606 3062 ιθ
1625 3007 1692 3061 libri
1705 3008 1796 3081 negli-

1014 3106 1114 3168 genter
1127 3084 1158 3150 ab
1172 3091 1223 3173 γὰρ
1287 3106 1353 3170 post
1363 3091 1428 3171 γίροι
1442 3092 1493 3173 γὰρ
1563 3095 1643 3171 sape
1658 3092 1686 3151 ii
1701 3107 1730 3152 et
1744 3095 1796 3172 γὰρ

1015 3191 1190 3247 commutata
1214 3185 1383 3258 inscriptis.
1404 3185 1437 3239 V.
1459 3203 1494 3260 ¹9
1518 3184 1585 3241 libri
1604 3186 1688 3241 ταῦτα
1711 3181 1799 3241 πάντα

1015 3273 1250 3350 προσαγορεύεται.
1277 3271 1352 3330 Dedi
1375 3273 1543 3331 melioribus
1567 3274 1693 3330 numeris
1725 3272 1800 3331 ταῦθ’

1015 3354 1133 3418 ἅπαντα.
1145 3361 1272 3436 Sequens
1283 3362 1458 3420 vocabulum
1469 3365 1578 3438 optime
1592 3364 1719 3419 correxit
1726 3363 1801 3419 mei-

1016 3446 1208 3505 uelr.«1nest
1230 3451 1259 3505 in
1273 3451 1326 3507 hac
1348 3453 1595 3527 urgrrmentatione
1618 3452 1664 3528 (r.
1690 3450 1800 3526 16-19)

1015 3552 1137 3592 acumen
1158 3538 1354 3613 sophisticum.
1379 3541 1427 3597 Vis
1446 3542 1532 3610 scire,
1552 3542 1611 3614 ait,
1635 3550 1744 3615 quanto
1768 3542 1798 3595 in

1015 3627 1111 3699 pretio
1124 3630 1184 3685 sint·
1198 3630 1338 3704 parasiti?
1350 3632 1446 3706 cogita
1459 3629 1584 3687 eundem
1595 3628 1696 3687 baberi
1708 3630 1801 3685 hono·

1015 3732 1076 3771 rem
1087 3718 1200 3773 uirtutis
1220 3737 1293 3794 mgn-
1302 3720 1445 3793 parasitis,
1457 3719 1507 3794 qui
1518 3718 1641 3776 babetur
1652 3719 1800 3792 Olympio·

1015 3803 1086 3859 nicis
1110 3824 1116 3858 :
1141 3803 1190 3875 τὴν
1210 3804 1312 3877 σίτησιν
1326 3819 1478 3885 nempeflet
1496 3808 1605 3867 victum
1628 3806 1665 3863 de
1689 3808 1793 3863 alieno.

1016 3889 1134 3949 Poterat
1148 3893 1246 3966 objici,
1258 3914 1303 3951 res
1318 3896 1465 3953 dissimiles
1475 3898 1623 3971 componi,
1638 3898 1705 3970 quia
1715 3914 1801 3969 parn-

974 4021 979 4031 .
1015 3982 1061 4036 siti
1086 3983 1203 4054 quidem
1230 3985 1260 4040 in
1286 3988 1466 4059 privatorum
1486 3988 1594 4044 edibus
1622 4006 1654 4042 os
1675 3987 1799 4041 alienum

1015 4068 1140 4141 rodunt,
1159 4079 1189 4123 at
1207 4065 1414 4142 Olympionica
1427 4067 1458 4120 in
1472 4063 1612 4140 Prytaneo
1633 4065 1731 4119 cibum
1751 4082 1799 4119 ca·

1015 4157 1097 4231 piant
1117 4155 1275 4230 publicum.
1292 4156 1318 4227 lt
1335 4155 1388 4209 iste
1401 4152 1528 4223 obviarn,
1543 4164 1573 4209 et
1584 4154 1614 4208 in
1626 4153 1692 4207 loco
1709 4152 1800 4206 ullum

1016 4254 1193 4300 momentum
1211 4260 1270 4301 eme
1282 4252 1368 4317 negat
1381 4257 1388 4298 :
1400 4258 1466 4296 nam
1485 4252 1515 4296 et
1533 4240 1619 4316 vulgo
1639 4238 1687 4295 illa
1704 4238 1801 4293 omnia

1016 4333 1080 4389 loca
1094 4334 1200 4389 censeri
1211 4342 1348 4406 prytanea
1358 4350 1390 4386 ac
1401 4331 1483 4386 solita
1494 4330 1652 4398 nominari,
1667 4329 1718 4384 ubi
1732 4346 1800 4383 cona

1016 4422 1106 4477 virori
1119 4422 1185 4477 licet
1196 4420 1281 4476 nullis
1294 4419 1405 4477 collatis
1418 4416 1564 4492 symbolis.
1581 4441 1592 4465 ι
1608 4415 1732 4473 casaub.

1263 4528 1314 4588 xt.
1341 4526 1559 4586 uutz'rouat.

1396 4642 1421 4679 r.

1056 4720 1157 4777 Athen.
1178 4721 1208 4790 6,
1227 4740 1263 4796 p..
1273 4727 1346 4795 nlo,
1363 4721 1403 4787 E,
1422 4718 1458 4774 de
1483 4717 1654 4790 Tithymallo
1677 4716 1815 4790 parasito».

1016 4810 1176 4865 testiinonia
1186 4809 1368 4866 comicorum
1377 4823 1540 4882 apponens:
1555 4803 1693 4879 Τιμοκλῆς
1705 4802 1768 4862 ...ἐν
1780 4799 1803 4860 δ’

1016 4893 1203 4965 Ἐπιστολαῖς,
1392 4887 1397 4896 ’
1641 4950 1643 4954 ,

1065 4983 1158 5079 Οίμοι
1169 4977 1380 5077 κακοδαίμων,
1396 4991 1436 5063 ὡς
1451 4979 1523 5078 ipis!
1540 4981 1583 5078 μδι
1597 4984 1666 5062 τούς
1680 4984 1778 5062 θεούς,

1064 5085 1457 5184 Τιθύμαλλοςούδεπιύποτ.
1469 5090 1582 5182 ἠράσθη
1599 5097 1705 5182 φαγεῖν

1070 5273 1216 5348 suspendit
1226 5263 1361 5347 clamori
1375 5274 1561 5348 νοιιριοιειαι

1071 5368 1110 5421 tle
1124 5364 1210 5419 multa
1223 5363 1340 5435 garriam
1353 5378 1401 5435 por
1416 5370 1507 5419 totum
1517 5361 1608 5428 diem,

1070 5451 1217 5507 niaximum
1231 5450 1268 5506 rel
1284 5448 1470 5505 testimonium
1484 5447 1583 5504 allerre
1598 5457 1644 5503 me
1661 5445 1787 5506 arbitror,

1018 5545 1051 5596 ts
1070 5537 1219 5605 bonormn,
1232 5551 1287 5610 quo
1300 5536 1481 5610 parasitorum
1495 5533 1596 5592 fruitur
1609 5534 1662 5590 rita
1677 5551 1683 5587 :

1070 5625 1216 5699 premium
1225 5625 1298 5681 euim
1312 5624 1369 5680 illis
1377 5623 1466 5693 idem,
1478 5623 1553 5697 quod

1071 5713 1285 5787 Olympionieis,
1300 5710 1382 5768 datur
1394 5710 1474 5768 boue
1487 5710 1574 5781 frugis
1584 5725 1665 5765 causa
1676 5750 1683 5771 ι

1071 5801 1149 5858 cibus
1160 5818 1168 5856 ι
1180 5798 1226 5856 ubl
1238 5814 1298 5856 rero
1311 5813 1368 5855 non
1378 5796 1556 5855 oonfemutur
1568 5795 1714 5869 symbolae,

1073 5897 1201 5962 prytanea
1214 5887 1273 5944 hac
1282 5886 1377 5947 omnia
1390 5894 1457 5943 suut
1469 5883 1641 5958 appellanda.

1314 6028 1506 6085 EPISTOLAE.

1398 6152 1422 6200 1.

1056 6237 1118 6292 llau
1131 6196 1178 6291 αιο
1187 6230 1318 6291 miserum
1328 6273 1336 6300 ,
1347 6240 1378 6290 ut
1390 6236 1471 6289 αιτιοι
1485 6246 1533 6305 pcr
1545 6230 1630 6297 deos,

1056 6321 1238 6397 Titltymollut
1252 6336 1393 6395 uunquam
1402 6330 1458 6379 tam
1469 6321 1642 6379 uelzerucntcr
1655 6318 1756 6393 mrpiuit
