4084 8009
882 1520 1072 1583 nunnius.

165 1647 185 1718 5
236 1654 385 1726 κληθέντα
405 1652 478 1743 porei
500 1652 570 1745 πρὸς
591 1650 676 1744 ρίλου
694 1676 764 1737 του,
786 1649 896 1726 ’πηνίκ’
914 1651 948 1720 ἀν

236 1756 330 1826 εἴκοσι
344 1752 447 1824 ποδῶν
464 1768 619 1849 μετροῦντι
632 1758 668 1824 τὸ
683 1765 831 1849 στοιχεῖον
845 1758 883 1852 ᾖ,

234 1868 316 1937 ἥκειν
330 1866 417 1932 ἕωθεν
431 1864 521 1931 αὐτόν
535 1864 614 1940 εὐθὺς
627 1862 712 1937 ἡλίου

235 1980 353 2062 μετρεῖν
365 1972 540 2062 ἀνέχοντος,
563 1973 748 2063 μακροτέρας
758 1962 787 2036 δ’
803 1973 893 2051 οὔσης
901 1974 948 2040 ἔτι

233 2083 322 2143 πλεῖν
336 2076 354 2151 ἢ
370 2069 454 2143 δυθῖν
469 2068 574 2142 ποδοῖν
591 2083 730 2168 παρεῖναι
745 2085 801 2153 τῆς
818 2081 921 2163 σκιαῖς,

167 2201 209 2246 to
234 2181 444 2275 instrepebat
462 2181 565 2274 μικρὸν
578 2178 745 2274 ὀψιαίτερον

234 2277 276 2351 δι’
293 2285 442 2378 ἀσχολίαν
457 2291 552 2372 ἥκειν,
568 2286 689 2378 παρόνθ’
706 2285 760 2378 ἀμ’
776 2288 881 2379 ἡμέρᾳ.

161 2417 250 2471 Versu
267 2436 280 2472 1
294 2417 444 2474 Jacobsius
454 2413 594 2494 Πόριισιν.
605 2416 641 2476 V.
653 2436 669 2473 υ
685 2417 773 2477 codd.
785 2418 881 2493 plures
892 2418 948 2478 Φι·

159 2501 290 2579 λοκράτης
305 2504 351 2561 καὶ
365 2500 543 2573 Φιλοκτήτης.
564 2505 599 2562 V.
621 2510 636 2569 θ
651 2503 710 2560 etb
729 2504 796 2559 libri
810 2501 946 2581 μεγάλους,

159 2591 261 2662 μᾶλλον
276 2590 304 2648 δὲ
315 2598 399 2669 τρεῖς,
416 2587 445 2647 όν
456 2588 521 2669 patei
535 2611 578 2647 ποι
593 2593 653 2663 (LV
667 2587 758 2668 erupis)
770 2588 887 2661 κληθέντ’
903 2590 947 2648 irri

160 2675 185 2735 δ.
199 2675 262 2752 πρὸς
280 2677 342 2757 (BC
355 2679 406 2755 ὡς)
423 2677 498 2758 φίλου
514 2678 607 2756 (αὐτοῦ
622 2678 689 2735 add.
707 2679 743 2755 C)
757 2675 841 2754 τινὸς,
858 2678 946 2737 εἰπόν-

159 2788 201 2832 τος
215 2767 288 2846 αὐτῷ
301 2771 346 2824 τοῦ
363 2765 451 2846 φίλου,
465 2764 568 2835 ὁπηνίκ’
579 2763 621 2835 ἂν,
639 2777 695 2826 etc.
713 2768 748 2823 V.
767 2787 795 2837 7.
808 2769 849 2823 De
866 2787 947 2825 more

159 2865 272 2930 tempus
282 2873 317 2911 ex
325 2855 433 2911 umbrae
446 2854 624 2929 longitudine
636 2851 790 2913 definiendi
802 2854 867 2912 uide
877 2857 945 2913 atei·

158 2945 225 3003 riek.
248 2944 287 3005 ad
299 2946 448 3005 Menandri
465 2946 567 3021 fragm.
586 2963 617 3021 p.
640 2964 696 3021 ¹²9
715 2947 761 3005 ed.
782 2964 828 3022 pr.
851 2945 946 3019 Αὐτὸν,

158 3038 266 3110 ipsum,
284 3056 345 3091 non
363 3055 476 3093 servum
498 3035 534 3091 ab
555 3054 590 3091 εο
604 3035 719 3090 missum
737 3035 775 3091 ad
793 3035 947 3092 observan-

159 3123 228 3178 dum
240 3124 391 3194 solarium,
402 3124 438 3179 de
450 3142 510 3197 quo
523 3143 551 3181 ν.
567 3140 633 3181 ann.
646 3122 683 3178 ad
693 3126 745 3179 Ar.
757 3121 860 3177 Eccles.
874 3122 944 3193 652,

158 3222 187 3265 et
198 3208 291 3266 Plauti
302 3213 440 3268 boeotiam
450 3212 524 3269 Geli.
537 3210 566 3280 3,
580 3210 606 3281 3,
617 3212 666 3284 qui
675 3210 752 3266 aliud
759 3209 945 3267 domesticum

159 3298 227 3354 dicit
237 3300 298 3355 blil.
312 3300 386 3375 glor.
400 3319 430 3370 a,
444 3307 472 3370 4,
483 3299 534 3373 69.
543 3298 579 3357 V.
596 3318 630 3354 ro
642 3298 707 3353 libri
721 3303 810 3371 ρᾶναι.
823 3300 944 3358 Porson.

158 3384 238 3463 ράναι
260 3386 283 3443 δ’
303 3383 411 3459 ἔπειτα,
439 3387 574 3444 Dindors.
597 3383 641 3446 ἔπ.
663 3384 690 3442 δὲ
710 3384 799 3465 prium.
819 3387 942 3442 Meinek.

158 3474 235 3631 poni.
250 3476 343 3555 φῆσαι.
362 3480 394 3535 V.
415 3495 446 3531 ιι
467 3477 506 3531 sic
530 3478 723 3545 Hermannus3
749 3474 816 3530 libri
837 3471 943 3551 παρόνθ’

158 3585 164 3596 ’
178 3583 242 3619 KRV.

539 3697 567 3733 2.

196 3789 276 3844 idem
289 3790 328 3849 ib.
341 3807 370 3865 p.
383 3787 430 3859 ai,
441 3790 463 3846 C
475 3808 481 3844 ι
495 3784 535 3844 ότι
547 3785 629 3844 δὲκαὶ
642 3787 714 3864 ἰχθῦς
726 3785 817 3858 ἤσθιον
829 3787 944 3862 (heroes

159 3879 305 3934 Homerici
310 3878 318 3951 i
329 3920 338 3953 ,
353 3874 503 3954 Σαρπηδὼν
517 3875 595 3946 δῆλον
608 3882 693 3945 ποιεῖ,
704 3876 800 3949 ὁμοιῶν
815 3873 861 3944 τὴν
872 3874 943 3932 ἀλω-

157 3987 197 4021 σιν
217 3965 353 4044 πανάγρου
372 3963 476 4023 δικτιίου
496 3963 563 4043 θήρα
589 3965 684 4040 (iliad.
712 3965 742 4035 5,
764 3964 837 4036 4873
860 3979 888 4021 at
908 3986 942 4023 eo

156 4072 215 4108 non
227 4053 361 4125 efficitur,
377 4056 454 4130 ipsos
466 4054 581 4111 Graecos
595 4054 714 4111 Homeri
728 4054 820 4127 pisces
834 4054 941 4126 edisse,

155 4142 204 4197 sed
219 4144 273 4199 boc
288 4143 393 4213 modo,
416 4162 465 4200 eos
483 4145 587 4218 piscari
610 4144 712 4199 vidisse
733 4142 889 4215 barbaros,
910 4155 942 4199 nt

156 4227 279 4302 Scyllam
290 4232 390 4306 Odyss.
412 4251 457 4300 re,
479 4231 545 4306 95)·
563 4228 875 4309 καταμαραίνοιτο
895 4231 941 4299 τὴν

155 4314 274 4390 κωμικὴν
289 4317 366 4397 χάριν
378 4316 425 4396 (i)
439 4316 503 4396 φησὶ
515 4315 615 4385 παίζων

206 4426 290 4520 ἰχθὺν
302 4427 332 4499 δ’
350 4424 471 4525 ὅμηρος
487 4430 614 4499 ἐσθίοντ’
635 4429 747 4520 εἴρηκεν
763 4436 796 4496 οὐ

203 4534 272 4602 τινά
281 4546 341 4604 τῶν
354 4534 491 4628 Ᾰχαιῶν,
503 4540 576 4628 κρέα
590 4529 624 4603 δὲ
641 4538 728 4627 μόνον
740 4540 865 4619 ὤπτων,
878 4537 941 4604 ἐπεὶ

203 4640 314 4731 ἕψοντά
330 4650 360 4738 γ’
376 4649 409 4711 οὐ
425 4642 584 4716 πεποίηκεν
599 4648 698 4709 αὐτῶν
713 4637 829 4709 οὐδένα.

202 4740 280 4814 ἀλλ’
293 4742 361 4815 οὐδὲ
372 4746 444 4841 μίαν
456 4745 554 4821 ἀλλην
568 4746 688 4838 ἑταίραν
704 4741 770 4814 οἶδε’
785 4773 831 4824 τις

120 4852 121 4856 ’
155 4852 175 4921 5
203 4859 317 4942 αὐτῶν,
336 4857 457 4934 ἑαυτοὺς
468 4850 497 4920 δ’
515 4848 620 4945 ἔδεφον
637 4857 786 4929 ἐνιαυτοὺς
801 4846 888 4918 δέκα·

134 4951 139 4961 ’
201 4958 311 5053 πικρὰν
330 4960 490 5054 στρατείαν
506 4953 536 5026 δ’
559 4952 652 5043 εἶδον,
670 4962 794 5039 οἵτινες,
815 4959 903 5022 πολιν

151 5150 167 5199 5
203 5146 282 5202 aiunt
295 5157 421 5204 vocatum
435 5147 470 5202 ab
481 5149 571 5203 amieo
583 5145 718 5218 quodam,
734 5160 789 5217 quo
799 5153 920 5216 tempore

204 5234 299 5305 uiginti
315 5234 398 5306 pedes
408 5233 563 5292 ostenderet
575 5234 698 5290 metienti
711 5233 853 5296 solarium,

205 5320 311 5375 venisse
325 5336 407 5377 mane
420 5322 511 5393 ipsum
528 5321 634 5377 oriente
644 5318 700 5376 soie

205 5401 240 5460 ad
253 5404 435 5475 metiendum,
447 5415 475 5463 et
487 5404 618 5473 adfuisse,
634 5421 720 5477 quum
731 5406 813 5462 etiam

205 5489 265 5561 pius
273 5505 354 5561 quam
365 5489 471 5549 duobus
481 5491 596 5564 pedibus
609 5492 695 5564 major
701 5499 771 5547 esset
781 5489 892 5555 umbem

155 5583 188 5633 to
207 5574 272 5631 dein
281 5574 379 5633 dixisse
389 5576 469 5650 paulo
483 5579 570 5635 serius
581 5592 610 5633 se
620 5576 775 5643 advenisse3

204 5669 313 5735 propter
327 5664 532 5735 occupationem
542 5705 550 5731 ‚
561 5664 607 5736 qui
617 5664 700 5719 simut
717 5678 781 5719 cum
792 5662 836 5720 die
848 5661 940 5719 adiue-

876 5753 938 5820 [rii.

536 5846 562 5893 2.

186 5922 263 5979 Pisee
275 5932 429 5983 vescentem
443 5927 578 5984 Homerus
591 5926 727 5984 neminem
740 5924 806 5981 dixit

184 6012 363 6080 densorum,
378 6012 426 6070 sed
440 6030 536 6071 earnes
548 6013 629 6070 modo
641 6013 778 6078 assabant,
790 6027 878 6084 neque

185 6105 346 6168 coquentem
359 6114 455 6156 eorum
469 6099 588 6157 ostendit
601 6104 771 6173 quenquam!

185 6186 220 6239 iit
232 6185 299 6242 alias
309 6202 345 6244 no
359 6187 473 6244 amicam
489 6187 600 6261 quidem
615 6188 795 6243 noviteorum

150 6277 167 6326 5
186 6273 342 6347 quisquam,
353 6274 399 6331 sed
408 6290 437 6331 se
450 6278 521 6349 ipsos
534 6274 720 6349 permoiebant
733 6274 884 6347 perdecem
897 6289 941 6329 au·

843 6361 939 6431 laos:

1729 1539 1782 1591 ddi

1046 1651 1117 1746 μίαν
1130 1649 1292 1737 λαόόντες,
1310 1659 1581 1750 εὐρυπρωκτότεροι
1596 1660 1672 1726 πολὺ
1778 1698 1781 1702 ’

1043 1769 1099 1855 τῇς
1113 1761 1218 1838 πόλεος
1232 1761 1446 1854 ἀπεχώρησαν,
1463 1765 1498 1838 ἢν
1508 1761 1586 1832 εἷλον
1599 1767 1681 1834 τότε.

995 1887 1132 1946 Meudose
1146 1888 1213 1946 libri
1229 1910 1312 1947 versu
1330 1911 1341 1946 1
1363 1889 1450 1968 Ἰχθῦν
1470 1890 1497 1949 δὲ
1518 1898 1568 1951 ποῖ
1586 1898 1612 1971 γ’
1626 1892 1698 1970 Ὅρι.
1722 1896 1777 1955 lod.

994 1973 1083 2054 εἴρηκέ
1097 1998 1127 2052 γε
1136 2018 1145 2046 ,
1160 1979 1211 2034 ubi
1228 1977 1257 2055 γθ
1270 1982 1406 2036 omittunt
1420 1982 1492 2039 BCD
1508 1994 1537 2038 et
1551 1986 1627 2040 Eust.
1640 2003 1669 2059 p.
1692 2004 1780 2056 1720,

997 2066 1044 2123 30.
1058 2068 1173 2123 Grotius
1184 2063 1271 2144 είρηκι
1282 2071 1343 2124 ποῖ.
1357 2070 1392 2127 V.
1407 2072 1522 2146 evulgo
1535 2058 1586 2128 εἶδε
1597 2116 1605 2143 ,
1616 2090 1669 2128 nec
1680 2074 1779 2128 melius

913 2200 917 2205 .
994 2172 1022 2210 v.
1033 2143 1102 2225 θῆς,
1113 2158 1283 2212 attractione
1293 2157 1489 2230 improbabili.
1500 2159 1577 2219 ibid.
1589 2150 1655 2217 iibri
1666 2158 1776 2226 πολιως.

993 2246 1027 2303 V.
1042 2244 1209 2315 7D0braeus
1224 2241 1269 2321 βίᾳ
1283 2241 1416 2331 λαθόντες.

1372 2355 1400 2414 3.

1033 2468 1143 2526 Ibidem
1158 2471 1198 2547 F,
1210 2481 1239 2525 et
1252 2472 1329 2528 Eust.
1344 2490 1375 2545 p.
1394 2478 1484 2540 τότε,
1507 2470 1545 2536 48
1556 2488 1563 2529 :
1575 2471 1610 2529 E.
1624 2470 1652 2527 δέ
1661 2492 1739 2550 φησιν

1041 2577 1162 2653 Ᾰτοπόν
1176 2588 1273 2680 γετὸν
1288 2588 1340 2678 μὲν
1357 2582 1437 2653 οἶνον
1453 2578 1618 2680 εὐδοκιμεῖν
1636 2588 1681 2654 ἀεὶ

1041 2692 1122 2786 παρὰ
1136 2700 1204 2770 ταῖς
1221 2695 1352 2785 ἑταίραις
1367 2694 1420 2758 τὸν
1435 2693 1575 2774 παλαιόν,
1592 2689 1687 2786 ἀνδρα
1703 2687 1737 2760 δὲ

1042 2803 1082 2888 μή
1100 2798 1151 2863 τὸν
1166 2798 1306 2878 παλαιὸν,
1322 2796 1403 2864 ἀλλὰ
1418 2798 1469 2864 τὸν
1493 2801 1643 2889 νεώτερον.

991 2929 1079 2982 Versu
1099 2946 1110 2982 1
1125 2930 1165 2983 sic
1179 2927 1257 2984 Eust.
1273 2926 1366 2985 Codd.
1379 2926 1451 2983 BCD
1464 2921 1523 2985 ’'Ar.
1540 2924 1586 2997 di,
1602 2929 1649 2983 vL
1666 2923 1778 2985 Ἄτοτόν

991 3034 1030 3069 τε.
1056 3040 1068 3065 a
1090 3015 1192 3071 iisdem
1209 3014 1417 3089 propemodum
1438 3016 1566 3073 versibus
1583 3016 1681 3071 Alexin
1697 3035 1779 3072 usum

991 3121 1050 3158 esse
1062 3103 1148 3159 docet
1160 3102 1227 3158 Atb.
1241 3127 1253 3151 ι
1263 3103 1288 3155 E
1297 3103 1340 3160 M.

1371 3222 1397 3282 ς.

1033 3329 1083 3383 His
1091 3325 1283 3403 praeponenda
1289 3337 1372 3402 putat
1379 3327 1509 3396 Meinek.,
1520 3346 1582 3403 quae
1593 3328 1667 3384 idem
1675 3328 1777 3386 Athen.

991 3418 1113 3471 servavit
1126 3415 1167 3472 ib.
1181 3435 1211 3489 p.
1230 3414 1286 3482 28,
1299 3416 1321 3471 F
1336 3434 1343 3468 ι
1359 3411 1505 3480 Εὕόουλος·

1039 3571 1087 3582 -
1101 3530 1242 3602 odoravi
1258 3538 1332 3597 Χῖον
1345 3526 1448 3597 λαόὼν

1040 3636 1058 3710 ἢ
1074 3632 1202 3703 Λέσόιον
1216 3640 1340 3731 γέροντα
1357 3647 1589 3729 νεκταροσταγῆ.

991 3765 1086 3838 ιΟυεε
1117 3767 1141 3821 si
1162 3767 1377 3821 ameretn'cuia
1400 3766 1535 3820 dicuntur
1559 3767 1694 3835 amatori,
1716 3765 1776 3838 jam

990 3855 1133 3929 aptissime
1150 3855 1298 3929 superiora
1310 3854 1469 3911 inferuntur
1480 3854 1516 3909 ab
1529 3854 1628 3910 attero.
1648 3880 1659 3902 s

1367 3963 1396 4021 5.

1030 4060 1104 4118 ibid.
1121 4078 1149 4135 p.
1167 4061 1278 4130 23,1t:
1295 4058 1328 4118 Ε.

1086 4211 1134 4221 -
1148 4200 1178 4242 α.
1197 4173 1290 4240 Σίκων
1307 4175 1366 4266 ἐγὼ

1040 4274 1232 4372 βεόρεγμὲνος
1247 4284 1310 4352 ἥκω
1324 4279 1375 4345 καὶ
1388 4279 1658 4371 κεκωθωνισμένος.

1039 4389 1070 4467 β.
1089 4385 1240 4461 Πίπωκας
1251 4435 1260 4467 ,
1272 4384 1355 4462 οὗτος
1367 4409 1376 4469 ;
1390 4411 1420 4452 α.
1432 4385 1497 4452 Ναὶ
1514 4384 1556 4476 μάι
1569 4388 1648 4470 Δία,
1660 4383 1776 4452 πέπωκ’

1716 4494 1776 4583 ἐγὼ

1038 4586 1203 4661 Μενδαῖον.

993 4730 1004 4755 ι
1027 4709 1114 4763 Versu
1134 4727 1145 4763 r
1164 4705 1252 4766 Σίκων
1269 4709 1370 4764 servile
1386 4728 1490 4780 nomeu
1505 4710 1582 4784 apud
1596 4710 1775 4784 sosipatrum

991 4794 1143 4870 Καταψευδ.
1163 4816 1191 4852 ν.
1216 4804 1267 4866 tq,
1291 4795 1498 4853 Pseudoaiexin
1518 4798 1639 4854 Asotod.
1658 4817 1685 4855 ν.
1704 4807 1731 4866 q,
1749 4809 1777 4855 et

988 4885 1205 4956 Aristophanem
1218 4887 1248 4939 in
1267 4887 1427 4959 composito
1444 4883 1607 4943 Αἷολοσίκων
1619 4886 1663 4965 (ν,
1679 4888 1776 4962 prole·

988 4990 1108 5046 gomena
1118 4973 1202 5045 hujus
1214 4972 1316 5029 fabulae
1327 4975 1441 5049 Fragm.
1452 4975 1603 5051 Aristoph.
1616 4993 1648 5050 p.
1664 4975 1682 5031 8
1694 4994 1776 5048 seqq.

1022 5141 1148 5198 aoerbam
1160 5158 1223 5199 vero
1236 5142 1364 5200 viderunt
1376 5142 1511 5208 militiam,
1526 5143 1583 5215 qui,
1596 5157 1651 5200 una

1022 5227 1089 5283 urbe
1100 5236 1188 5300 capta,
1201 5228 1330 5285 redierint
1339 5231 1399 5286 uuis
1409 5229 1488 5302 iunge
1500 5228 1654 5311 latioribus,

1024 5331 1107 5387 quam
1119 5316 1172 5374 fuit
1184 5316 1248 5373 urbs
1258 5324 1317 5374 tum
1330 5325 1419 5389 capta.

1371 5409 1398 5459 3.

989 5490 1116 5560 ineptum
1128 5488 1237 5560 quidem
1250 5494 1339 5558 (est),
1349 5490 1442 5545 vinum
1452 5499 1527 5547 retus
1537 5504 1643 5561 semper
1654 5488 1721 5542 bene

990 5576 1084 5632 audire
1096 5575 1167 5649 apud
1178 5579 1298 5646 amicas,
1314 5578 1402 5633 virum
1415 5586 1508 5634 autem

989 5677 1046 5718 non
1061 5671 1196 5731 veterem,
1209 5662 1257 5720 sed
1270 5663 1419 5734 iuniorem.

1367 5754 1396 5804 4.

988 5834 1119 5892 Thasium
1130 5842 1178 5892 aut
1189 5833 1287 5893 Citium
1299 5832 1480 5908 apprehendit

989 5930 1037 5980 aut
1048 5922 1177 5979 Lesbium
1190 5936 1283 5978 senem
1298 5929 1393 5977 aeetar
1407 5920 1567 5978 stillantem.

1372 6013 1399 6061 5.

989 6126 1026 6138 -
1039 6112 1065 6153 a.
1080 6096 1160 6152 Sioon
1172 6110 1222 6166 ego

990 6181 1117 6239 madidus
1128 6180 1226 6238 adsum
1238 6188 1265 6237 et
1278 6179 1384 6251 poeuiis
1399 6180 1522 6235 obrutus.

991 6270 1017 6325 b.
1034 6269 1170 6326 Potastine
1183 6272 1232 6324 tu?
1246 6282 1272 6324 a.
1287 6271 1339 6323 Per
1349 6269 1461 6334 iovem,
1474 6265 1561 6337 potari

964 6375 967 6404 ι
991 6355 1157 6415 utendarum.
