4084 8009
226 1543 280 1602 ias

223 1676 299 1749 apud
320 1674 492 1746 Hespe-bium
507 1684 601 1728 autern
620 1670 735 1750 τρύζειν,
756 1672 836 1745 quod
857 1672 893 1727 de
911 1691 1005 1746 porco

716 1541 923 1602 COMOEDIAE
945 1539 1107 1601 vessels
1129 1537 1337 1613 RELlQUlAE.

1050 1675 1144 1746 Toup.
1172 1671 1293 1727 Ειιιοιιά.
1314 1691 1346 1746 p.
1372 1668 1582 1749 445,’“ἰνέκαψα
1602 1673 1754 1746 λανθάνων,
1784 1694 1837 1733 net

222 1764 329 1818 dictum
341 1762 425 1817 habet
436 1762 540 1819 Athen.
560 1767 605 1830 ri,
620 1780 650 1835 p.
666 1759 734 1827 656,
744 1762 778 1818 F.
791 1761 898 1817 Πενθῶν
911 1759 1007 1816 fimes
1048 1777 1115 1816 sane
1127 1756 1216 1817 λαθὼν
1229 1757 1333 1815 sufficit
1344 1762 1454 1829 versui.
1464 1761 1515 1815 sed
1530 1772 1667 1835 apparet,
1680 1762 1759 1818 aliud
1769 1766 1836 1818 scri·

219 1852 318 1923 Quinti
342 1850 454 1909 Calabri
468 1849 595 1905 versibus
616 1867 663 1917 10,
681 1848 738 1904 326
749 1888 760 1916 ,
771 1861 799 1903 et
812 1855 861 1917 τίς,
877 1849 923 1905 36.

530 2005 566 2063 V.
588 2005 693 2063 ΘΕΟΙ.

601 2170 627 2205 1.

259 2263 362 2319 Athen.
387 2283 433 2331 ιο,
448 2283 480 2337 p.
497 2261 600 2335 lauf
614 2278 623 2318 :
637 2261 660 2317 ol
675 2261 698 2317 δ’
718 2258 910 2335 ἐπιτεταμένως
929 2258 1003 2338 χρώ·

220 2370 292 2422 μενοι
307 2351 343 2428 τῷ
356 2351 429 2428 ποτῷ
444 2346 489 2406 δύο
503 2347 572 2407 οῐνου
587 2345 674 2405 έπινον
689 2347 753 2426 πρὸς
766 2347 844 2405 πέντε
858 2347 1001 2415 ὕδατος...

218 2433 304 2512 Ἔρμ.
321 2438 413 2501 θεοῖς·
432 2463 446 2488 a
472 2435 553 2494 ἔπειθ’
564 2435 580 2465 '⁵
601 2434 662 2493 ύταν
680 2436 835 2511 πινώμεθῆ
855 2435 1002 2516 διψώμεθα,

218 2524 348 2602 εὐχόμεθα
371 2525 436 2603 πρὸς
456 2525 551 2582 τοῦτο’
579 2527 593 2583 θ
620 2515 686 2589 οἶνος
711 2524 811 2603 ώιιέρας
840 2529 928 2602 γενοῦ·
953 2527 1003 2583 ούκ

219 2614 298 2669 ύστοῦ
315 2611 360 2669 καλ
371 2614 456 2681 πηλοῦ
475 2609 524 2688 ’γὼ
543 2610 615 2689 φέρω
630 2611 730 2679 παίζων
743 2610 814 2687 ἅμα,
825 2612 841 2642 ⁴*
856 2602 945 2677 καύθις
959 2634 1002 2688 γε·

217 2699 340 2774 γένηται,
353 2705 431 2757 τοῦτο
444 2698 521 2757 πέντε
544 2699 590 2757 καλ
608 2698 663 2757 δύο,
681 2726 692 2749 ν
713 2702 872 2776 suspiceris
890 2701 949 2756 bee'c
964 2703 1002 2756 ita

216 2789 367 2847 scribenda
378 2808 460 2854 esse:

266 2897 377 2989 θπειῦ,
395 2909 456 2972 ὅτι
474 2902 511 2971 ἂν
526 2905 660 2996 πίνωμεν
676 2906 742 2970 ἔται
759 2898 852 2994 δίψης
866 2907 964 2996 μέτα,

266 3013 412 3105 εὐχόμεθα
430 3014 503 3104 πρὸς
527 3017 634 3076 τοῦτίι
656 3005 763 3095 Οἶνος,
782 3007 806 3075 ὦ
823 3014 922 3104 κέρας,
952 3035 1001 3104 γε·

896 3111 960 3182 voti!
980 3141 998 3174 υ

267 3226 321 3300 κάς
338 3233 394 3290 τοῦ
408 3227 564 3304 καπηλου,
585 3227 642 3315 ’γὼ
659 3226 737 3316 φέρω
748 3218 868 3300 παίζων
882 3221 957 3313 ἐμὲ,

265 3332 366 3407 κεύθὺς
381 3332 543 3423 γεγένηται
559 3339 653 3396 τοῦτο
664 3333 754 3396 πέντε
768 3330 822 3395 καὶ
836 3325 902 3395 δύο.

215 3468 250 3522 ln
259 3468 364 3541 quibus
372 3466 495 3541 Bergldo
505 3465 676 3525 Coutmentt.
688 3487 721 3543 p.
731 3467 785 3537 317
800 3466 921 3523 debetur
932 3463 1001 3523 τοῦτ’

215 3543 327 3618 (λλιος...
337 3558 412 3630 γενοῦ
423 3554 472 3619 κάς
485 3559 529 3611 τοῦ
542 3552 676 3624 καπήλου,
687 3553 843 3619 eiectam«
853 3556 1002 3612 Existimat

215 3644 305 3712 enim,
319 3645 492 3721 Mercurium
504 3644 626 3699 aliumue
637 3645 796 3699 ministrum
809 3646 857 3700 hle
871 3646 951 3717 loqui
964 3643 1000 3699 de

214 3731 373 3786 beatissima
387 3734 445 3787 vita
457 3732 594 3803 deorum;
614 3732 652 3787 ad
672 3732 751 3803 eujus
764 3732 926 3788 felicitatem
944 3733 1000 3789 hoc

214 3821 338 3875 maxime
356 3821 437 3874 illum
460 3819 580 3888 referre,
604 3821 685 3893 quod
705 3831 822 3876 utantur
845 3821 1000 3878 Amaltheae

214 3926 314 3977 cornu,
329 3925 506 3980 quaecunque
517 3908 690 3976 collibuerit,
702 3908 810 3964 affatim
823 3908 997 3966 effundente.

213 3991 268 4065 Δύο
282 4014 336 4069 pro
350 3991 403 4051 δύω
417 3995 505 4053 Dind.
522 4020 534 4045 ν
550 3998 636 4052 Mein.
652 3999 686 4055 V.
705 3992 800 4071 θέμθ,
814 4015 889 4067 ntea,
904 4015 999 4052 meum

214 4095 372 4158 argentum.
405 4086 439 4141 lu
461 4085 555 4160 primo
576 4102 660 4141 versu
678 4086 787 4158 passiva
806 4095 900 4142 seruat
925 4088 999 4144 Her·

213 4190 348 4248 mannus,

261 4276 364 4353 θ’]πειθ
384 4290 455 4353 όταν
475 4285 620 4379 πινώμεθ’
636 4286 655 4358 ἢ
673 4279 851 4381 διψώμεθα,

214 4415 291 4471 dicta
311 4416 370 4472 haec
390 4418 521 4491 opinatus
542 4417 578 4472 ab
596 4418 695 4490 aliquo
710 4422 761 4492 qui
782 4436 812 4475 se
831 4418 997 4481 fluviatilem

213 4503 299 4559 deum
313 4524 372 4561 esse
386 4507 542 4565 simularet.

592 4604 620 4644 a.

253 4696 349 4752 Schol.
362 4698 507 4771 Aristoph.
519 4700 573 4755 Αν.
589 4696 659 4753 1551
677 4696 749 4762 εταῖς
761 4694 915 4776 κανηφόροις
925 4696 998 4755 σκιό-

212 4782 279 4838 ὅειον
304 4781 349 4839 καὶ
365 4782 454 4860 δίφρον
475 4784 611 4840 ἀκολουθεῖ
631 4806 670 4849 τις
691 4783 800 4862 ἔχουσα.
815 4783 900 4863 Ἕρμ.
920 4780 997 4844 Θιών

212 4869 345 4944 (Kiister.
362 4871 454 4945 Θεοῖς)
475 4897 487 4921 ι
505 4868 614 4947 Ὥσπερ
636 4873 663 4928 αἱ
684 4872 841 4951 κανηφόροι,
863 4874 997 4931 λευκοῖσιν

213 4955 380 5034 ἀλφότοισιν*
405 4958 627 5033 ε’ντετριμμένοις·
642 4957 694 5036 ἐγὼ
713 4960 759 5016 θ’*
773 4958 850 5017 ένεκα
872 4961 997 5040 ψαλάθων

211 5040 258 5112 τὴν
274 5041 437 5122 διφροφόρον.
452 5048 563 5102 »Mein
576 5066 659 5103 versu
674 5068 691 5103 2
704 5048 852 5122 legendum
865 5059 946 5122 putat
960 5048 998 5105 ἐν·

211 5131 380 5207 τετριμμένος
395 5152 402 5186 :
424 5158 435 5182 ι
453 5134 568 5189 videtur
580 5138 655 5192 enim
667 5137 789 5192 describi
801 5138 903 5210 aliquis
914 5156 996 5193 cane·

211 5220 310 5292 phorae
320 5219 450 5276 habitum
461 5222 605 5295 imitatus,
619 5243 689 5298 quae
704 5225 814 5299 capillis
825 5224 913 5280 farina
928 5245 996 5281 con·

211 5309 313 5380 spersis
334 5309 364 5362 in
387 5309 505 5384 publica
525 5329 633 5385 pompa
659 5314 804 5368 incessisse
830 5323 941 5368 constat
963 5332 997 5369 ex

211 5397 261 5453 Ar.
275 5396 384 5455 Eccles.
396 5396 463 5469 732.
479 5422 491 5448 »
507 5396 702 5478 Κωμικώτερον
713 5419 759 5456 me
768 5400 864 5473 judice
874 5412 916 5457 est
927 5401 998 5458 ἐντι-

210 5481 366 5558 τριμμένοι,
380 5497 412 5541 ιιι
423 5504 521 5542 omnes
530 5487 571 5542 dii
580 5489 618 5543 sic
629 5489 770 5545 incessisse
782 5489 923 5547 dicuntur.
935 5494 967 5547 V.
979 5492 995 5547 3

210 5572 308 5631 Valcl.
320 5573 357 5630 ad
370 5575 512 5633 Herodot.
525 5595 554 5644 a,
564 5575 614 5650 93,
625 5588 652 5633 ct
661 5579 943 5653 Porsonushppend.
958 5581 995 5636 ad

563 5748 623 5804 Du.

591 5841 615 5889 1,
773 5868 776 5878 .

210 5919 295 5981 Τυιιι,
313 5915 446 5988 quidquid
461 5919 581 5978 bibimus
593 5922 674 5979 antici
688 5923 827 5992 sitientes,

210 6000 284 6056 adid
299 6017 441 6074 precamur
459 6023 466 6058 :
482 6030 494 6054 ι
508 6007 611 6063 Vinum
622 6009 681 6075 tias,
697 6016 814 6067 comula

210 6101 316 6157 egoque
327 6087 361 6141 ad
374 6104 525 6160 cauponem
539 6092 638 6150 ludens
651 6094 710 6151 fero
723 6113 800 6164 mea;

209 6172 355 6244 statimque
369 6175 396 6230 id
410 6174 513 6232 factum
527 6188 569 6236 est
582 6181 705 6256 quinque
715 6193 744 6241 et
755 6183 820 6242 duo.

245 6344 528 6420 Veluteanephoraes
590 6275 616 6323 ².

1049 1850 1135 1923 psisse
1157 1850 1308 1917 Nostrum,
1326 1847 1413 1922 idque
1437 1849 1564 1904 abitror
1583 1849 1666 1906 fuisse
1680 1849 1835 1928 ψηλαφῶνε

1049 1954 1118 1991 cave
1125 1937 1200 1991 enim
1209 1937 1327 2010 cogites,
1335 1948 1369 1993 ut
1377 1938 1476 2005 blein„
1486 1935 1522 1993 de
1528 1938 1688 2011 nescioqua
1697 1941 1836 2012 pecunia,

1049 2043 1135 2098 quem
1149 2025 1215 2092 iste,
1231 2026 1358 2097 qttisquis
1374 2025 1428 2079 fuit
1437 2027 1487 2099 qui
1501 2026 1562 2081 luec
1576 2027 1718 2095 recitavit,
1727 2026 1840 2084 furatus

1049 2111 1134 2167 fuerit
1157 2113 1342 2187 canephorae,
1360 2113 1410 2168 sed
1424 2113 1544 2169 ridicule
1565 2113 1655 2168 homo
1675 2113 1838 2187 deglutiisse

1049 2200 1155 2255 dicitur
1166 2201 1305 2273 puellam,
1319 2201 1339 2257 i.
1358 2219 1384 2259 e.
1399 2200 1593 2256 deosculatum
1602 2220 1662 2257 esse
1673 2212 1701 2257 et
1716 2212 1837 2258 contre·

1049 2299 1149 2358 ctasse,
1162 2299 1194 2344 nt
1207 2289 1280 2345 solet
1291 2286 1368 2359 fieri;
1382 2288 1420 2347 cf.
1436 2290 1504 2348 Pac.
1520 2288 1606 2362 1057.
1618 2290 1719 2347 Scribo
1731 2291 1833 2367 igitur.

1172 2395 1272 2496 flonep
1286 2405 1318 2469 αἱ
1333 2402 1494 2495 κανηφόροι

1097 2516 1245 2574 λευκοῖσιν
1258 2510 1429 2600 ἀλφίτοισιν
1439 2512 1679 2602 έντετριμμένοι·

1098 2615 1156 2706 ἐγὼ
1176 2606 1205 2679 θ’
1219 2611 1347 2702 ἐνέκαψα
1362 2604 1508 2706 ψηλαφῶν
1524 2619 1579 2690 τὴν
1594 2606 1784 2707 θιφροφόρον.

1430 2740 1457 2795 3.

1090 2842 1271 2898 Herodianus
1284 2840 1352 2920 Περὶ
1366 2840 1493 2919 μονήρους
1505 2840 1557 2905 λέί
1572 2863 1604 2918 p.
1619 2863 1664 2915 17,
1682 2862 1717 2899 ιο
1731 2862 1739 2897 :
1756 2801 1837 2913 δῆλον

1048 2928 1088 2987 ὅτι
1108 2928 1257 3003 σημειώδης
1273 2929 1298 3008 (t
1310 2929 1320 3006 )
1334 2931 1349 2985 θ
1362 2929 1448 2999 δοθιὴν
1465 2928 1533 3010 παρ’
1545 2928 1669 2997 Ἀττικοῖς
1684 2928 1834 3006 λεγόμενος,

1048 3014 1095 3074 καλ
1118 3016 1155 3093 μὴ
1179 3016 1247 3094 ἔχων
1271 3016 1322 3095 πρὸ
1336 3020 1381 3074 τοῦ
1402 3041 1419 3087 η
1445 3017 1583 3098 σύμφωνον
1606 3020 1686 3095 (il...
1700 3013 1788 3096 Ἔργα.
1806 3020 1835 3075 έν

1048 3106 1142 3172 Θεοῖς·

1097 3221 1208 3312 Φήμης
1235 3221 1312 3314 ἱεροῖς
1337 3215 1565 3314 ἐξονγνυμένης,
1580 3223 1679 3313 ὥσπερ
1703 3221 1833 3300 πέπονος

1684 3318 1830 3405 δοθιῆνος.

1047 3456 1240 3529 Depravatum
1256 3454 1370 3510 videtur
1387 3451 1551 3530 σημειώδης,
1573 3467 1603 3510 et
1620 3453 1736 3512 fortasse
1748 3473 1834 3531 repo·

1047 3529 1172 3598 ¹nendum
1185 3542 1320 3619 συνῳδῶς,
1335 3562 1477 3602 consensu.
1499 3545 1592 3600 Verba
1605 3541 1651 3599 καὶ
1665 3574 1706 3586 -
1722 3539 1833 3618 σύμφω-

1048 3641 1090 3685 νον
1105 3630 1178 3703 quid
1192 3631 1247 3685 sibi
1266 3631 1373 3700 velint,
1396 3632 1455 3687 scio
1475 3650 1540 3687 cum
1560 3632 1762 3707 ignei-issimis,
1779 3632 1833 3687 nisi

1047 3718 1121 3774 forte
1135 3718 1255 3789 Herod„
1268 3718 1390 3774 formam
1410 3737 1594 3774 communem
1612 3714 1712 3788 δοθιιὴν
1727 3717 1834 3794 signifi·

1047 3823 1131 3874 cans,
1147 3822 1233 3880 quam
1254 3817 1349 3862 tamen
1364 3806 1481 3862 aliunde
1497 3805 1576 3861 haud
1587 3807 1673 3876 novi,
1697 3805 1772 3862 dixit
1789 3804 1833 3862 λε’-

1046 3890 1154 3967 γόμινύς
1177 3894 1233 3949 ἐστι
1255 3891 1301 3949 καὶ
1322 3890 1360 3968 μὴ
1386 3891 1456 3971 ἔχων
1476 3914 1499 3950 ει
1514 3890 1568 3971 πρό
1580 3896 1628 3949 τοῦ
1649 3914 1659 3949 ι
1678 3890 1835 3971 σύμφωνον,

1047 3998 1212 4055 quanquam
1225 3982 1265 4036 sie
1281 3992 1384 4056 preter
1405 3999 1487 4036 usum
1508 4001 1532 4037 ιι
1545 3977 1683 4059 σύμφωνον
1694 3981 1835 4037 indicaret

1047 4069 1267 4144 diphthongum.
1294 4072 1328 4125 ln
1353 4071 1504 4145 Hennippi
1524 4088 1609 4126 versu
1629 4069 1721 4125 codex
1743 4065 1834 4148 ώαττιρ

1046 4154 1157 4214 πέπονθε
1173 4156 1319 4230 δοθειῆνος,
1333 4158 1415 4232 quod
1428 4155 1789 4216 commendandorum.

1086 4372 1191 4428 Athen.
1209 4391 1254 4444 τι,
1267 4392 1297 4447 p.
1312 4373 1387 4444 478,
1400 4276 1442 4429 CI:
1458 4367 1491 4428 τθ
1504 4368 1610 4449 μόνωτα
1624 4368 1738 4449 ποτήρια
1753 4367 1833 4430 κότυ-

1046 4457 1133 4518 λοι....
1145 4455 1232 4538 Ἔργα.
1248 4458 1272 4517 δ’
1285 4460 1413 4525 ένΘεοῖς·

1095 4574 1156 4640 Τόν
1169 4601 1204 4641 τε
1221 4576 1349 4644 κότυλον
1359 4584 1479 4669 πρῶτον
1493 4571 1606 4670 ἤνεγκ’,
1620 4578 1756 4668 ἐνέχυρον
1770 4584 1833 4644 τῶν

1674 4682 1833 4776 γειτόνων.

1045 4809 1126 4864 Libri
1141 4807 1250 4887 ἤνεγκεν
1266 4807 1374 4888 ῖχυρθν,
1390 4827 1454 4884 quae
1472 4810 1616 4864 Porsonus
1636 4818 1665 4864 et
1682 4809 1835 4866 Jacobsius

1045 4897 1157 4954 Additt.
1183 4918 1215 4973 p.
1242 4896 1300 4972 259
1330 4898 1565 4956 emendaverunt.
1588 4896 1722 4956 Dindorf.
1753 4899 1835 4954 malit

1045 4985 1157 5061 πρῶτος.

1423 5063 1452 5122 5.

1086 5168 1168 5224 Idem
1184 5175 1230 5238 il,
1242 5186 1272 5243 p.
1287 5166 1361 5242 636,
1377 5170 1412 5239 D,
1425 5167 1462 5225 de
1474 5165 1633 5247 κρεμόύλοις
1647 5161 1754 5246 ιἘρμ.
1768 5164 1792 5224 θ’
1804 5166 1832 5223 ἐν

1044 5257 1081 5316 Θ.
1101 5254 1130 5313 τὸ
1146 5254 1245 5320 τούτοις
1260 5252 1361 5331 κρούειν
1379 5255 1564 5335 κρεμθαλθζειν
1585 5255 1693 5334 (immo
1709 5252 1832 5334 κρτμῦα·

1044 5342 1156 5420 λιάζειν)
1169 5341 1271 5422 εἴρηκεν
1282 5343 1309 5399 ἰν
1322 5339 1436 5408 τούτοις·

1095 5451 1238 5537 Αεποίθας
1254 5451 1289 5525 δὲ
1314 5468 1432 5550 πετρῶν
1451 5460 1677 5539 ἀποκόπτοντες
1703 5455 1833 5554 κρεμῦα-

1127 5564 1130 5567 ’
1521 5566 1523 5568 ’
1574 5572 1579 5581 “
1680 5559 1829 5645 λιάζουσι.
1864 5589 1869 5598 ·

1044 5747 1115 5804 albis
1128 5747 1225 5805 ferinis
1239 5748 1325 5805 intriti
1338 5749 1468 5823 capillos3
1586 5753 1587 5756 ’

1043 5850 1094 5908 ego
1105 5851 1169 5893 vero
1181 5835 1308 5894 devoravi
1323 5846 1495 5964 contreptaus
1505 5837 1663 5896 solliferem.

1043 5998 1103 6050 Vox
1116 6011 1192 6051 sacra
1204 6011 1290 6068 quum
1301 6004 1393 6068 aperta
1405 6005 1486 6066 esset,
1497 5997 1570 6056 velut
1578 5995 1830 6054 eouooeuufamn·

1421 6162 1438 6211 ⁴
1725 6085 1830 6153 [culus

1043 6222 1224 6295 Cotulamque
1236 6227 1353 6297 primam
1366 6199 1472 6296 attulit,
1485 6197 1583 6300 pignus
1593 6226 1758 6301 ricinorum.

1422 6303 1439 6352 5

1020 6345 1024 6352 ¹
1043 6368 1077 6421 tlt
1088 6364 1193 6436 patellis
1205 6368 1317 6439 rupium
1329 6336 1456 6425 abscissis
1464 6365 1609 6442 crepitant.
1685 6355 1698 6368 ”
