4084 8009
711 1495 916 1558 COMOElllAE
938 1494 1102 1556 Vli'lElllS
1122 1494 1331 1568 llllLlQUlAE.

458 1636 540 1690 XXl.
565 1631 742 1691 ZATl'l‘OI.

252 1785 458 1857 Argumentum
476 1781 612 1854 Equitum
632 1777 830 1852 Aristophanis
846 1795 852 1829 :
868 1773 992 1851 ἐδιδάχθη

211 1868 241 1925 τό
253 1868 341 1947 δρᾶμα
355 1866 399 1925 ἐπὶ
415 1864 610 1946 Στρατοκλέους
625 1864 748 1943 ἄρχοντος
759 1859 874 1940 δημοσία
887 1862 923 1927 εἷς
937 1858 994 1931 Λή·

210 1977 270 2013 ναια
287 1957 320 2013 δι’
334 1957 412 2014 αὐτοῦ
427 1960 471 2013 τοῦ
488 1953 695 2034 Ἀριστοφάνους.
712 1953 813 2030 πρῶτος
831 1947 917 2008 ἐνίκα·
934 1947 992 2006 διό·

210 2066 283 2124 τερος
302 2047 353 2123 Κρ.
370 2041 608 2125 Σατύροιςῇτρίτος
623 2039 808 2119 Ἀριστομένης
829 2034 993 2117 Ὑλυρόροις.

211 2136 313 2211 Itaque
335 2138 364 2190 in
381 2153 494 2190 scenam
513 2133 655 2188 commissi
679 2142 744 2187 sunt
764 2131 857 2203 Satyri
881 2129 992 2203 Olymp.

211 2224 261 2294 88,
278 2231 294 2291 4
313 2222 363 2299 (ab
375 2222 454 2278 Urbe
470 2221 553 2276 cond.
570 2222 640 2294 329,
656 2230 722 2275 ante
736 2220 803 2275 Chr.
818 2229 877 2275 nat.
894 2215 973 2292 4ο4).

449 2364 542 2422 ΧΧΠ.
566 2357 750 2421 ΣΕΡΙΦῙΟΙ.

251 2517 292 2569 De
311 2524 479 2587 argumento
502 2512 586 2583 hujus
601 2511 704 2565 fabulae
727 2528 789 2582 quae
808 2509 909 2582 dispici
927 2527 993 2581 pos-

210 2612 289 2673 sunt,
300 2601 455 2658 afferentur
469 2600 506 2656 ad
518 2600 616 2676 lragrn.
634 2619 644 2655 1
661 2611 689 2656 et
701 2598 716 2655 5
731 2609 759 2654 et
771 2617 814 2653 ια.

253 2842 353 2899 Pollux
374 2861 402 2911 7,
421 2840 459 2915 69
482 2836 584 2917 εσόρυν
608 2838 665 2913 (sic)
692 2833 719 2892 δέ
738 2833 840 2910 ἱμοίτιον
868 2833 996 2913 Κρατῖνός

211 2952 275 3009 ’ρηοι
290 2925 430 3007 Σεριφίοις·

258 3080 290 3119 α.
311 3048 349 3131 hc
360 3052 462 3144 Συρίαν
478 3044 508 3117 δ’
526 3044 637 3117 ἐνθένδ’
655 3052 773 3142 ἀρικνεῖ
780 3054 928 3143 μετέωρος
943 3050 994 3115 ὑπ’

892 3159 992 3247 αὔρας.

262 3271 292 3349 β.
329 3259 452 3355 ἱμάτιον
484 3263 650 3353 μοχθηρόν,
681 3264 755 3326 ὅταν
782 3266 886 3376 βορρᾶς
904 3287 996 3347 Ικοιτα-

877 3393 995 3441 πνευση.

213 3501 387 3574 Polydectae,
408 3497 604 3571 Seriphiorum
637 3499 711 3571 regis
734 3495 777 3571 (v.
798 3496 939 3551 Herodot.
967 3496 995 3564 8,

214 3590 263 3657 46,
286 3586 419 3661 Apollod.
439 3605 469 3654 a,
490 3584 537 3659 4),
552 3585 650 3654 verba,
671 3588 771 3640 Perseo
798 3596 900 3640 contra
921 3585 997 3640 Gor*

212 3695 302 3750 ganas
322 3673 487 3748 profecturo
508 3674 616 3727 itineris
637 3674 777 3727 rationem
799 3675 996 3748 monstrantis3

213 3776 241 3818 et
260 3764 352 3819 Persei
371 3780 556 3836 responsum,
577 3781 636 3834 quo
652 3761 772 3815 ridicule
790 3781 894 3815 nomen
917 3772 996 3816 terrae

213 3851 365 3923 detorquet
377 3852 405 3903 in
420 3850 640 3922 appellationem
661 3851 758 3916 restis,
775 3847 810 3903 dc
825 3866 881 3921 qua
897 3849 997 3904 Pollux

162 3983 166 3991 .
215 3960 242 4008 7,
259 3940 292 3994 6ι
314 3958 320 3993 ι
336 3938 447 4013 Ιχλαῖναν
464 3941 589 4012 παχεῖαν,
602 3934 633 4004 ἢν
645 3933 864 4010 Ιμειμόμυναν
880 3933 927 4009 μέν
946 3937 996 3993 At-

213 4024 307 4103 σχύλος
326 4026 444 4102 [fragm.
461 4025 551 4079 inccrt
590 4025 677 4095 1144,
692 4018 816 4098 Ὅμηρος
835 4020 861 4079 δέ
878 4024 995 4099 (Odyss.

217 4124 262 4182 ι4,
290 4114 361 4187 531)
382 4110 588 4185 ἀλεξάνεμον
614 4110 752 4180 κέκληκεν.
777 4110 810 4181 ἢν
827 4107 854 4167 δέ
875 4110 998 4189 συρίαν

214 4198 362 4276 οἱπολλολ,
382 4199 480 4268 ταύτην
500 4198 682 4255 αὐτόποκον
706 4196 842 4271 ἱμάτιον
866 4200 890 4255 ol
912 4221 998 4274 κωμι-

215 4289 265 4347 κοί.
282 4291 360 4345 ldem
383 4308 432 4357 ιο,
449 4288 484 4355 64
510 4306 516 4345 :
543 4285 588 4342 καί
613 4309 663 4343 που
678 4285 723 4343 καὶ
747 4285 839 4366 συρία,
854 4285 899 4344 καί
919 4284 996 4365 σόρα,

214 4375 387 4447 ηᾶκναπτος.
408 4378 528 4450 Hesych.
545 4375 628 4454 Συρία
652 4396 659 4431 z
681 4374 780 4453 παχεῖα
797 4374 904 4453 χλαῖνα.
927 4380 998 4432 llici-

214 4468 281 4526 nek.
298 4466 391 4522 Persei
410 4468 570 4522 orationem
589 4467 783 4521 continuatam
798 4468 837 4521 sic
855 4468 997 4540 interpre—

218 4559 354 4612 tabatur:
374 4582 385 4606 «
408 4559 451 4611 Tu
467 4575 535 4610 vcro
550 4556 650 4611 duram
671 4574 769 4610 narras
783 4556 997 4629 conditionem,

214 4666 302 4719 quum
315 4647 385 4701 mihi
396 4647 507 4718 Syriam
517 4645 695 4701 subeundam
709 4646 777 4700 dicis
788 4663 795 4703 :
808 4649 923 4701 caenim
936 4668 997 4703 mo·

213 4737 280 4790 lesta
295 4746 337 4789 est
356 4737 438 4789 vestis
454 4735 578 4806 spirante
592 4737 692 4789 Bnrca.
714 4736 838 4805 Scilicet,
859 4761 870 4785 ν
893 4738 997 4812 inquit,

218 4848 230 4869 ο
250 4819 327 4897 συρία
339 4823 440 4892 vestis,
454 4840 516 4892 quae
530 4825 614 4876 etiam
635 4819 702 4893 σόρα
720 4834 747 4876 ct
760 4820 868 4900 σισύρα,
888 4828 932 4880 vel
953 4825 999 4880 σί-

215 4930 310 4986 ουρνα,
332 4908 495 4983 dicebatur,
520 4928 614 4965 crasso
642 4911 757 4983 quidem
774 4912 823 4968 silo
846 4926 906 4969 crat
929 4934 998 4968 con-

217 5011 308 5068 texta,
330 4998 379 5053 sed
400 4999 481 5052 rudis
502 5018 594 5071 neque
615 4999 730 5057 lullonis
752 5014 839 5059 artem
863 5015 997 5078 experta,

215 5088 338 5160 ideoque
349 5087 423 5139 venti
433 5087 750 5162 spiraminibuspervia.
766 5114 777 5138 ν
790 5093 932 5146 l'crtincnt
942 5091 999 5146 huc

215 5177 300 5231 etiam
315 5174 453 5228 framenta
466 5193 513 5249 ag
529 5175 557 5232 3.

594 5312 621 5350 2.

255 5405 415 5477 Stephanus
428 5405 542 5479 Byzant.
559 5427 589 5481 p.
605 5407 660 5463 308
682 5426 690 5467 ι
710 5406 817 5466 Δοόλων
834 5407 908 5474 πόλις
927 5408 1000 5473 (ma-

217 5494 267 5548 lim
280 5488 460 5555 Δουλόπολις;
477 5490 552 5556 πόλις
567 5497 608 5567 Α,
619 5497 662 5551 vel
676 5493 782 5553 Δούλιον
800 5494 875 5561 πόλις
887 5493 999 5570 Λιόιίης,

216 5582 305 5636 altero
318 5578 391 5644 πόλις
405 5582 567 5656 expuncto)
584 5602 590 5640 :
604 5584 678 5650 πόλις
694 5584 803 5656 Aeetae.
820 5584 961 5650 Ἑκαταῖος
973 5586 999 5641 ἐν

218 5666 386 5746 Περιηγήσει,
406 5694 417 5717 ο
433 5668 487 5727 Καὶ
499 5668 543 5726 ε’διν
556 5671 644 5738 δοῦλος
657 5676 692 5737 εἰς
704 5671 909 5743 τλνπολινλίθον
919 5695 998 5752 προσ·

517 5839 690 5896 SERlPllll.

216 6018 241 6058 a.
260 6006 291 6057 ln
310 6005 415 6075 Syriam
430 6006 493 6062 hine
506 5931 633 6067 devenies
646 6009 772 6068 sublimis
785 6028 832 6084 per
847 6027 935 6069 auras.

217 6089 244 6143 b.
262 6090 355 6165 Vestis·
365 6092 461 6150 misera
476 6093 558 6151 llante
571 6096 713 6167 aquilone.

594 6188 611 6237 2

218 6259 323 6318 Deinde
335 6260 369 6319 ad
383 6265 461 6322 Sacas
475 6267 623 6339 pervenies,
636 6278 661 6327 et
672 6269 806 6341 Sidonios,
820 6281 847 6331 et
857 6276 999 6345 Ererirhos,

930 1645 934 1653 ·
1040 1625 1147 1707 ενίγκη,
1165 1626 1296 1705 ἐλεύθερος
1314 1623 1449 1702 γίγνεται,
1470 1624 1519 1681 κδν
1542 1622 1611 1691 ξένος
1631 1615 1658 1702 ᾖ.
1676 1652 1736 1683 η...
1762 1627 1834 1705 φασὶ

1041 1712 1068 1771 δέ
1092 1714 1137 1771 καὶ
1161 1713 1229 1771 κατὰ
1255 1711 1364 1792 Κρήτην
1388 1710 1548 1770 Δουλόπολιν
1574 1701 1641 1768 εἶναι
1662 1711 1832 1791 χιλίανδρον.

1041 1801 1200 1872 σημειωτέον
1219 1800 1246 1859 δέ
1260 1799 1300 1858 ότι
1315 1803 1368 1879 Κρ.
1389 1801 1416 1857 έν
1430 1784 1561 1878 Σεριφίοις
1575 1798 1678 1857 πόλιν
1697 1799 1836 1859 δούλων

1041 1891 1109 1967 (pro
1124 1889 1295 1950 Δουλόπολιν.
1312 1890 1418 1965 Both.)
1432 1888 1511 1969 φησὶν
1527 1888 1702 1947 Ἀπολλωνίου
1714 1890 1834 1969 φήσαν-

1041 2001 1098 2044 τος·
1121 1980 1159 2054 μή
1174 1980 1226 2037 δεῖν
1238 1977 1285 2044 τὰς
1301 1977 1457 2057 παραθέσεις
1466 1976 1637 2035 ἐναλλόσσιιν
1650 1979 1833 2053 (composita

1041 2071 1174 2143 nomina,
1199 2070 1282 2141 quale
1304 2080 1345 2123 est
1373 2064 1547 2136 Δουλόιτολις,
1569 2078 1681 2122 mutare
1709 2066 1831 2138 disjun-

1042 2157 1152 2229 gendo,
1173 2159 1250 2212 velut
1270 2157 1345 2214 Crat.
1367 2155 1439 2211 dixit
1451 2152 1527 2211 πόλιν
1541 2150 1639 2211 δούλων
1652 2173 1706 2229 pro
1726 2154 1834 2213 Δουλό·

1042 2246 1129 2302 πολιν.
1144 2248 1251 2301 Rarior
1268 2245 1402 2301 vocabuli
1421 2242 1563 2321 παράθεσις
1583 2242 1771 2319 significatus,
1796 2245 1837 2302 de

1042 2351 1101 2405 quo
1122 2334 1206 2389 silent
1235 2333 1439 2407 lexicographi.
1467 2331 1574 2407 Both.)
1602 2329 1664 2408 δίχα
1691 2332 1837 2401 ποιητικῆς

1043 2417 1157 2494 ἀνάγκης
1173 2418 1246 2495 (qua
1268 2419 1384 2493 quidem
1408 2420 1574 2475 necessitate
1594 2420 1670 2476 Crat.
1688 2419 1764 2477 dixit
1782 2418 1836 2476 πό-

1043 2506 1082 2561 λιν
1095 2504 1219 2583 δοόλιυν),
1233 2503 1267 2570 ὥς
1278 2527 1341 2584 φησι
1356 2507 1408 2584 Κρ.

1092 2626 1172 2697 Εἶτα
1197 2633 1294 2708 Σοίκας
1325 2633 1461 2723 ἀρικνεῖ,
1498 2632 1551 2697 καὶ
1580 2625 1751 2711 Σιδονίους,
1780 2636 1837 2700 καὶ

1057 2723 1065 2740 ’
1657 2733 1836 2830 Ἐρεμίῗοὺς,

1092 2846 1120 2918 ἔς
1135 2868 1168 2908 τε
1186 2844 1275 2909 πόλιν
1291 2836 1419 2926 δούλων,
1436 2836 1551 2936 ἀνδρῶν
1567 2850 1838 2920 νεοπλουτοπονη-

1759 2979 1836 3043 ρων,

1092 3054 1247 3143 αἰσχρῶν,
1276 3045 1488 3146 λνδροκλίων,
1509 3046 1838 3151 διονυσιοκουροπυρώ·

1757 3191 1835 3232 νων.

1044 3292 1146 3345 Versus
1159 3290 1174 3345 3
1193 3300 1284 3346 exstat
1299 3291 1378 3365 apud
1392 3292 1564 3366 llesychium
1582 3311 1609 3350 ν.
1624 3293 1835 3369 Διονυσοκουρο·

1045 3373 1171 3453 πυρώνων
1191 3397 1197 3431 :
1217 3375 1344 3454 Κρατῖνος
1360 3377 1386 3434 έν
1412 3376 1557 3455 Σεριφίοις·
1585 3378 1743 3455 Αἰσχρῶν
1765 3377 1836 3438 Ἀν-

1046 3462 1215 3543 δροκλέων
1247 3464 1572 3545 Διονυσοκουρώνων.
1603 3465 1667 3523 εἰσίν
1698 3463 1725 3523 οἵ
1750 3488 1837 3545 φασιν

1046 3554 1072 3608 ἐν
1086 3554 1123 3629 rip
1135 3552 1207 3631 αὐτῷ
1215 3550 1291 3609 πέντε
1302 3553 1502 3631 κωμῳδεῖσθαι,
1515 3554 1642 3633 Αἶσχρδν,
1656 3553 1836 3631 Ἀνδροκλέα,

1044 3638 1187 3711 Διονύσιον,
1202 3643 1301 3720 Κῦρον,
1315 3642 1412 3720 Πυρῶν
1423 3642 1567 3717 (lllusurus
1580 3641 1724 3721 llupoirqr.)
1739 3641 1836 3722 ἆμαρ-

1045 3726 1179 3792 τοίνοντες·
1201 3727 1282 3793 οὐδεὶς
1297 3726 1347 3807 γὰρ
1363 3727 1503 3799 Ἀθηναίων
1528 3728 1706 3808 ἀναγρόρεται
1729 3730 1836 3807 Κῦρος·

1045 3816 1084 3872 δεῖ
1096 3806 1140 3871 οὖν
1152 3814 1259 3896 ηράρειν
1274 3815 1597 3896 Διονυσοκουροπυρώνων.
1615 3816 1659 3875 τὀν
1674 3815 1724 3895 γὰρ
1736 3818 1836 3877 Διόνυ-

1046 3926 1100 3974 σον,
1114 3902 1209 3982 κουρέα
1223 3903 1285 3961 ὄντα
1298 3905 1446 3983 κωμῳδεῖν·
1462 3904 1570 3983 κουρεὺς
1587 3904 1613 3962 δέ
1630 3896 1662 3975 ἦν
1677 3906 1742 3983 πρδς
1756 3908 1836 3965 ποίπ-

1045 4014 1111 4062 που,
1124 3994 1159 4057 ὡς
1172 3992 1268 4062 δηλοῖό
1281 3990 1327 4058 τθς
1343 3990 1502 4058 Ἀταλάνταις
1516 3995 1525 4070 l
1537 3995 1641 4069 dequo
1655 3997 1740 4052 lllein.
1754 3999 1833 4055 llist.

1046 4083 1108 4134 crit.
1135 4080 1216 4139 Com.
1238 4101 1270 4155 p.
1294 4081 1368 4157 225)
1390 4081 1499 4146 συνθείς.
1515 4086 1578 4138 lam
1598 4085 1683 4140 Mein.
1697 4082 1765 4155 jure
1785 4104 1835 4141 re·

1046 4169 1175 4241 pudiavit
1190 4167 1219 4224 τδ
1234 4167 1351 4240 διονυσυ,
1365 4170 1416 4225 sed
1435 4173 1626 4246 proponendo
1648 4175 1836 4230 Διονυσιοκου·

1048 4258 1215 4333 ρομυρωνῶν,
1233 4268 1264 4312 ιιι
1278 4260 1322 4313 vcl
1337 4260 1419 4341 lllyro
1435 4261 1551 4333 quidam
1566 4271 1693 4329 notetur,
1715 4261 1837 4319 aliunde

1047 4348 1228 4420 incognitus,
1256 4349 1301 4401 vel
1321 4348 1351 4401 in
1373 4348 1498 4403 tabernis
1513 4350 1708 4422 unguentariis
1725 4355 1836 4407 versari

1048 4436 1148 4489 solitus
1159 4436 1313 4507 Dionysius
1323 4478 1331 4508 ,
1342 4454 1427 4507 quem
1441 4438 1552 4511 sugillat
1560 4437 1708 4511 Polyzelus
1720 4439 1836 4494 scholio

1049 4526 1085 4579 ad
1096 4526 1291 4598 Aristophanis
1301 4523 1376 4580 Plut.
1389 4523 1444 4580 550
1458 4546 1464 4580 :
1476 4529 1528 4596 sic,
1540 4530 1668 4600 inquam,
1678 4528 1733 4581 hoc
1743 4546 1837 4600 cxpe-

1048 4616 1109 4669 dire
1132 4615 1185 4669 sibi
1209 4616 1284 4669 visus
1304 4616 1415 4670 nonnisi
1437 4616 1584 4672 dimidiam
1606 4617 1690 4671 nobis
1713 4634 1835 4689 operam

1048 4707 1175 4772 navavit,
1193 4705 1215 4758 si
1238 4703 1307 4777 quid
1327 4706 1482 4779 intelligo:
1508 4707 1602 4761 scribo
1625 4705 1835 4781 διονυσιοκουρο-

1048 4789 1188 4871 περαίνων,
1205 4794 1321 4848 nominc
1336 4796 1495 4867 composito
1511 4811 1526 4848 e
1543 4791 1699 4865 Διονυσίοις,
1713 4790 1836 4870 κοόρυις,

1047 4881 1232 4952 etadjcctivo
1256 4877 1392 4955 πέραινος,
1419 4881 1507 4936 ducto
1529 4882 1578 4934 illo
1593 4900 1612 4935 a
1634 4882 1723 4937 verbo
1738 4882 1835 4957 περαί-

1048 4988 1110 5033 νειν,
1126 4979 1157 5020 ut
1175 4975 1261 5040 pocta
1273 4967 1376 5021 dixerit
1390 4986 1439 5022 eos
1454 4969 1503 5040 qui
1517 4969 1703 5023 bacchanalia
1717 4981 1836 5043 agentes

1050 5057 1125 5127 turpi
1148 5073 1305 5127 puerorum
1324 5058 1414 5109 amori
1433 5056 1629 5129 indulgebant.
1650 5083 1661 5103 a
1678 5059 1721 5112 De
1738 5058 1833 5128 Sacis,

1049 5145 1216 5215 Scytharum
1230 5144 1356 5217 colonis,
1370 5146 1535 5200 interiorem
1549 5147 1642 5200 Asiam
1657 5148 1833 5216 colentibus,

1049 5233 1135 5285 docta
1143 5243 1182 5285 est
1190 5231 1343 5304 disputatio
1352 5234 1435 5288 Naxii
1444 5233 1479 5287 ad
1487 5234 1639 5288 Choerilnm
1650 5254 1679 5307 p.
1690 5253 1740 5288 τοι
1751 5253 1834 5309 seqq.

1048 5319 1180 5376 Ceterum
1206 5317 1295 5383 Σοίόας
1318 5323 1417 5376 scribit
1436 5323 1614 5389 Holstcnius,
1638 5323 1761 5377 Saaoeos.
1786 5326 1835 5379 Si-

1050 5409 1149 5464 donios
1172 5419 1201 5463 ct
1224 5410 1360 5464 Ercmbos
1383 5412 1429 5468 Cr.
1454 5410 1612 5481 conjunxit,
1636 5422 1668 5465 nt
1691 5413 1836 5467 Homerus

1048 5498 1149 5571 Odyss.
1173 5504 1202 5565 4,
1225 5496 1272 5562 84.
1286 5498 1395 5553 Urbem
1417 5500 1585 5572 Dulopolim
1599 5502 1836 5555 commemoravit

1049 5587 1133 5640 ctiam
1150 5586 1265 5658 Eupolis
1279 5586 1307 5639 iu
1320 5588 1428 5640 blarica
1440 5603 1448 5644 :
1462 5586 1521 5642 vid.
1536 5588 1655 5659 llcsych.
1673 5607 1702 5644 ν.
1725 5584 1835 5643 Δοόλων

1050 5673 1133 5739 πόλις.
1145 5705 1185 5744 ··.
1197 5672 1356 5751 Ἀνδροκλεῖς
1368 5676 1439 5731 dixit
1451 5676 1588 5730 Androcli
1601 5677 1720 5744 similes,
1729 5679 1836 5751 turpis-
1859 5676 1864 5753 ξ

1048 5839 1121 5896 etad
1135 5842 1281 5896 Servorum
1296 5840 1407 5908 urbem,
1423 5840 1542 5897 virorum
1565 5857 1662 5897 recens
1685 5840 1836 5899 dilatorum

1688 5945 1816 5987 rarorum
1829 5978 1835 5999 ,

1048 6016 1180 6090 turpium,
1205 6015 1397 6084 Andronium,
1413 6016 1627 6075 Bacchanalibus
1646 5933 1745 6091 rideres
1763 6019 1837 6079 irru-

1667 6108 1834 6177 [mantiam.
