4084 8009
213 1492 271 1544 488

591 1613 620 1671 8.

248 1728 352 1786 Athen.
373 1735 404 1798 t,
423 1745 455 1801 p.
473 1726 541 1801 168,
560 1730 582 1786 B
603 1725 650 1784 :oi
664 1723 691 1783 ii
708 1723 762 1801 μὴν
775 1723 854 1791 όντως
867 1724 1002 1801 (pesitus

209 1816 275 1871 libri
288 1814 311 1871 oi
324 1810 352 1871 ii
364 1811 402 1890 μὴ
416 1811 508 1879 οὕτως.
522 1814 564 1871 Cf.
583 1814 615 1886 a)
638 1809 736 1871 ἄσωτοι
752 1810 821 1870 κατὰ
846 1811 889 1870 τόν
901 1809 999 1890 Ἄμφιν

214 1903 301 1977 (dixit
320 1904 396 1959 enim
417 1904 464 1959 ilie
487 1901 564 1958 haud
579 1901 666 1958 dubie
682 1922 689 1957 ι
706 1904 735 1959 οἱ
749 1898 781 1958 δὲ
797 1899 861 1977 μὴν
875 1898 1003 1965 Ὀντως

209 1988 345 2060 ἄσωτοι,
363 1992 438 2065 etc.)

258 2103 378 2171 ssisouo’
395 2094 706 2194 interrumpatis
723 2104 853 2193 nptias,

733 1480 870 1541 MEDIAE
889 1478 1094 1542 COMOEiilAE
1115 1480 1324 1556 RELIQUlAE.

1048 1614 1124 1669 heca
1145 1633 1206 1689 reg.
1227 1617 1319 1673 Berol.
1339 1641 1351 1665 s
1376 1615 1486 1692 Mein.)
1507 1630 1537 1673 ut
1552 1621 1733 1695 Anipdianus
1748 1622 1759 1698 (
1769 1625 1843 1684 cod.

1051 1704 1130 1760 Diea.
1151 1703 1316 1778 Anipltiam.
1333 1705 1413 1762 Fort.
1429 1706 1570 1780 Amphias
1585 1729 1595 1761 .·
1617 1728 1645 1766 v.
1662 1713 1693 1766 in
1705 1714 1850 1789 prolego-

1047 1792 1136 1846 menis
1154 1791 1190 1846 de
1208 1790 1262 1846 hoc
1273 1792 1372 1865 poeta)
1391 1797 1728 1872 aagoediarumscriptor
1738 1799 1845 1873 restra.

1048 1880 1140 1949 Quum
1151 1880 1308 1936 hominibus
1321 1883 1414 1938 stellet
1432 1886 1619 1958 relinquerent
1635 1889 1740 1959 heum,
1765 1898 1846 1946 mis-

1045 1984 1092 2021 sus
1104 1981 1145 2023 est
1158 1972 1266 2044 legatus
1280 1968 1365 2024 Canis
1376 1971 1417 2025 ad
1424 1968 1436 1991 ¹*
1450 1974 1596 2044 Dolorem
1619 1995 1707 2050 quarn
1720 1991 1755 2036 ut
1769 1982 1848 2038 arde

1048 2052 1101 2130 [eo
1123 2052 1261 2135 tempore]
1290 2064 1479 2133 tempestivam
1507 2079 1581 2134 esse,
1608 2066 1760 2124 mavit
1787 2070 1845 2144 (ita

1048 2144 1113 2200 cod.
1133 2146 1201 2201 Diez
1216 2190 1224 2215 ,
1237 2164 1329 2219 neque
1348 2146 1520 2205 addubitatis
1531 2151 1625 2208 verbis
1643 2173 1678 2212 eo
1699 2168 1841 2231 tempure.

209 2229 380 2304 διασειόμενοι
392 2228 451 2295 τοὺς
465 2228 607 2309 προσόρους
620 2226 671 2287 ὑπὸ
683 2231 729 2286 τοῦ
743 2227 866 2306 όιιρότου.
882 2229 928 2284 Sic
942 2228 1002 2303 pri·
1047 2232 1140 2307 Vulgo
1152 2236 1229 2291 uidit
1242 2246 1364 2309 ternpore
1377 2242 1535 2310 tenipestiro
1546 2239 1659 2315 adam)
1673 2250 1842 2320 :quim

210 2339 273 2375 mus
292 2320 425 2392 Casaub.3
450 2321 546 2394 inepte
561 2317 646 2375 codd.
670 2314 710 2374 δύ’
731 2320 782 2392 ἠμ.
798 2316 998 2391 «Hermippus
1039 2320 1299 2396 flagraretamore‚
1312 2342 1364 2378 nee
1373 2337 1467 2397 posset
1468 2321 1550 2395 frui,
1562 2326 1843 2410 [magiqmpmm

209 2406 296 2478 Ἂόην.
312 2410 399 2486 γοναῖς
410 2409 446 2467 ir.
466 2429 476 2465 1
499 2429 505 2464 :
518 2404 550 2464 δι’
562 2404 663 2486 ἡμόρας
681 2404 811 2487 ὁσημέραι
826 2404 972 2486 τροχάζων.
986 2431 998 2455 ι

209 2502 234 2554 E
247 2501 291 2555 M.

593 2631 622 2686 9,

248 2729 377 2784 Stobaeus
390 2727 488 2784 Floril.
507 2744 556 2795 ορ,
573 2730 588 2790 t
601 2764 610 2798 ,
623 2741 688 2778 eum
703 2723 834 2778 lemmate
847 2716 986 2797 Ἄμφιδος.

259 2860 355 2944 ὅστις
374 2864 430 2960 γὰρ
443 2868 593 2957 ipsimet
599 2856 696 2957 μηδὲν
711 2862 868 2940 πείθεται,

259 2974 347 3051 αὐτὸς
368 2974 513 3063 ἐπιορκεῖν
528 2962 638 3061 ῥᾳδίως
653 2967 825 3036 ἐπίσταται.

211 3158 223 3182 ι
239 3131 330 3189 lidem
343 3149 439 3189 versus
447 3131 582 3208 leguntur
592 3126 671 3205 apud
685 3127 837 3183 Maximum
852 3124 935 3185 Coni.
950 3124 998 3197 85,

211 3249 241 3305 p.
259 3237 325 3297 144.
343 3232 391 3286 »E
406 3232 449 3288 M.

583 3360 628 3397 10.

252 3455 297 3511 lb.
317 3455 366 3524 33,
382 3456 412 3529 6,
424 3472 487 3509 cum
498 3453 601 3508 eodem
612 3453 755 3506 lemmate.

261 3574 325 3636 Οὐκ
338 3568 401 3635 ἐστὶ
417 3572 557 3659 κρεῖττον
574 3575 627 3631 τοῦ
642 3568 760 3631 σιωπᾶν
774 3554 843 3627 οὐδὲ
858 3563 899 3629 ἔν.

586 3711 596 3747 ι
606 3711 631 3747 ι.

251 3806 381 3880 Hyginus
393 3808 510 3862 Astron.
528 3820 564 3873 a,
585 3822 595 3856 t
620 3820 628 3859 ε
647 3813 677 3856 ut
689 3806 731 3856 ait
743 3800 879 3875 Amphis,
900 3818 999 3855 roruoe·

211 3896 449 3967 ‹tiammscriptor,
459 3890 880 3967 luppiter,simulatuseffigiem
889 3890 999 3959 Diana,

211 4002 295 4056 quum
307 3988 448 4056 virginem
462 3978 608 4061 (Callisto)
622 3991 775 4034 venantem
783 4018 792 4046 ,
807 3989 837 4032 ut
849 3978 994 4048 adjurans,

209 4083 427 4147 persequemur,
443 4079 566 4124 amotam
580 4086 601 4122 a
614 4079 761 4141 conspectu
784 4068 906 4120 aliarum
922 4084 998 4120 com-

210 4163 323 4236 pressit;
347 4176 412 4231 quoe
426 4168 527 4230 rogata
545 4174 564 4210 a
579 4157 687 4221 Diana,
714 4156 781 4229 quid
797 4159 824 4209 ei
840 4155 998 4222 accidisset,

211 4247 286 4319 quod
301 4258 359 4301 tam
372 4246 476 4321 grandi
489 4257 566 4300 utero
584 4245 733 4310 uideretur,
751 4244 827 4296 illius
840 4252 957 4315 peccato
970 4242 1003 4296 id

211 4339 331 4390 evenisse
343 4335 418 4389 dixit
431 4352 439 4390 ι
456 4339 549 4407 itaque
563 4330 694 4408 [prepter
706 4337 767 4402 ejas
778 4326 954 4403 responsum]
969 4334 998 4383 in

212 4422 430 4497 quamfiguram
441 4440 526 4495 supra
539 4422 662 4474 diximus
676 4438 740 4473 enm
754 4420 847 4471 Diana
861 4421 999 4474 conuertit.

212 4512 308 4569 Schoi
327 4511 487 4567 Germanici
505 4512 585 4565 sicut.
602 4527 631 4582 p.
649 4506 686 4562 38
698 4506 745 4563 ed.
759 4505 841 4562 Buhi.
857 4521 865 4562 ι
882 4504 1004 4577 Amphis

212 4613 325 4670 autem,
344 4605 465 4655 comicus
481 4609 581 4671 poeta,
608 4592 710 4666 refert,
734 4596 835 4649 lovem
852 4598 881 4647 in
896 4594 1001 4648 Dianoe

212 4687 337 4764 effigiem
356 4688 584 4761 transfiguratum
603 4690 632 4738 in
649 4689 798 4739 venatione
817 4681 933 4737 Callisto
949 4700 1001 4753 op-

210 4784 356 4851 pressisse,
379 4788 502 4850 tempore
517 4785 616 4849 partus
626 4775 714 4847 plena
735 4790 818 4845 quum
836 4781 996 4837 venaretur,

213 4868 438 4941 Dianoeenlpam
449 4866 602 4928 indicasse,
613 4868 749 4917 stiratam
758 4861 882 4913 Dianam
891 4857 1000 4935 (deam,

215 4954 330 5028 opinor,
342 4952 412 5009 dixit
423 4953 510 5009 schol.
522 4990 531 5020 ,
542 4950 654 5005 librarii
669 4950 818 5015 deamanr,
831 4944 898 5017 etc.)
914 4950 942 5000 in
954 4966 1001 4999 ur·

214 5060 275 5094 sam
289 5039 384 5114 (eam)
396 5040 619 5113 transfigurasse.
633 5038 799 5110 suspicatur
809 5033 931 5089 Meinek.
943 5034 1001 5089 haec

213 5129 302 5201 petita
317 5146 374 5184 esse
391 5146 426 5184 ex
442 5127 537 5182 fabula
557 5118 700 5182 Καλλιστὼ
717 5123 867 5195 inscripta,
883 5139 941 5193 quo
964 5123 1001 5176 ti-

215 5216 275 5271 tulo
290 5217 374 5272 etiam
386 5216 495 5272 Alcaeus
504 5211 672 5268 comoediam
683 5209 791 5266 docuit.
803 5208 846 5266 Ci.
860 5208 999 5282 Apollod.

217 5304 246 5377 3,
262 5303 290 5373 8,
306 5315 359 5361 etc.

587 5432 632 5470 12.

255 5532 335 5587 Idem
358 5530 446 5586 schol.
466 5528 627 5585 Germanici
648 5545 677 5599 p.
707 5524 744 5580 60
760 5542 766 5581 :
783 5527 916 5600 luppiter
934 5542 1001 5578 uem

217 5622 330 5693 antediem
344 5624 372 5673 in
386 5619 508 5693 lapidem
523 5619 669 5687 convertit,
691 5625 718 5668 et
735 5633 833 5668 canem
850 5617 935 5666 astris
957 5617 1001 5665 in-

217 5713 293 5776 tulit,·
317 5718 397 5780 cujus
418 5718 531 5762 exortus
548 5710 626 5777 origo
647 5701 662 5731 ⁴⁸
677 5708 832 5757 continetur
847 5702 901 5755 tali
915 5698 999 5771 (sort.

216 5805 397 5853 concinnatur·
414 5800 496 5863 talis,
512 5807 542 5849 ut
557 5805 611 5849 etc.
632 5818 643 5841 υ
660 5793 750 5849 Verba
762 5799 841 5863 cujus
855 5810 902 5848 er.
921 5795 1003 5861 origo

216 5900 286 5943 cont.
312 5889 365 5942 tali
388 5896 418 5939 ut
439 5883 589 5939 addidici
614 5881 713 5938 codice
737 5882 872 5937 Dieziano
890 5877 1002 5932 biblio-

593 6056 611 6106 8

218 6141 320 6199 Bibunt
330 6138 453 6216 quotidie
467 6154 515 6211 per
528 6147 616 6195 totum
630 6136 713 6195 diem.

218 6318 269 6387 Qui
283 6318 355 6372 enim
365 6314 468 6387 juranti
481 6312 549 6369 nihil
561 6232 663 6377 rediit,

1046 2412 1185 2467 urebatur.
1199 2425 1231 2467 at
1244 2414 1370 2468 hanzines
1380 2414 1544 2469 calamitate
1562 2431 1679 2492 accepta
1691 2423 1764 2478 deos
1785 2426 1841 2479 ad·

1041 2505 1150 2570 jutones
1167 2505 1195 2555 ei
1214 2506 1341 2557 tnsocare
1361 2514 1504 2575 coeperunt
1524 2502 1582 2581 (ita
1604 2508 1694 2568 Mein.
1711 2510 1842 2568 eundem

1046 2588 1112 2646 cod.
1125 2601 1252 2660 secutus,
1263 2591 1318 2647 nisi
1332 2590 1412 2664 quod
1419 2592 1443 2646 is
1454 2591 1592 2650 habetad
1600 2616 1654 2672 pro
1663 2612 1706 2656 at.
1717 2602 1817 2678 Vulgo
1829 2620 1838 2661 t

1046 2679 1293 2737 tuebaturcalam.
1316 2698 1377 2734 ace.
1400 2682 1466 2734 deos
1480 2686 1541 2754 adj.
1565 2690 1622 2742 inr.
1637 2688 1748 2764 σωρός).
1771 2702 1842 2746 tnnc

1047 2773 1151 2842 Aquilo
1173 2776 1250 2826 misit
1266 2771 1344 2842 filios
1362 2788 1426 2851 suos
1448 2773 1647 2843 adoleroenter,
1669 2777 1686 2808 ¹*
1710 2777 1842 2852 Operam

1048 2858 1122 2913 Cani
1137 2862 1294 2927 truteierent,⁸
1310 2865 1371 2933 ipse
1380 2859 1458 2931 flatu
1468 2880 1518 2917 suo
1533 2862 1617 2919 Canis
1628 2868 1761 2923 andem
1785 2887 1840 2924 se-

1045 2948 1135 3010 davit,
1154 2952 1203 3021 qui
1213 2948 1305 3019 staua
1320 2973 1331 2995 ι
1344 2954 1440 3003 etesiae
1452 2974 1464 2997 ι
1477 2951 1586 3012 dicitur.
1605 2975 1617 3001 ι
1635 2954 1669 3008 in
1686 2953 1733 3010 his
1744 2974 1841 3030 quum

1045 3036 1099 3091 alia
1108 3047 1243 3111 cormpta
1256 3046 1336 3104 sunt,
1352 3046 1411 3090 tum
1423 3039 1544 3093 maxime
1555 3040 1642 3096 verba
1651 3043 1792 3098 neuram
1806 3056 1837 3100 et

1047 3124 1180 3197 Operam,
1194 3119 1318 3198 quorum
1328 3125 1460 3180 inlocum
1471 3127 1593 3200 Oporam
1603 3130 1835 3190 substituendum

1045 3214 1186 3271 existimo.
1202 3215 1330 3289 Oporam
1344 3233 1412 3270 vero
1431 3217 1572 3290 aptissime
1585 3237 1601 3274 a
1616 3220 1691 3275 Sirio
1711 3234 1841 3280 amatam

1045 3298 1128 3376 fingi,
1156 3313 1258 3378 prater
1281 3304 1447 3359 sententiam
1470 3306 1522 3360 toti
1544 3305 1645 3363 fabula
1658 3309 1839 3385 subjectam,

1045 3391 1132 3449 docet
1153 3396 1303 3450 etesiarum
1330 3397 1579 3468 commemoratio,
1608 3418 1732 3472 quorum
1751 3400 1842 3460 flatus

1045 3493 1146 3538 exorto
1166 3484 1240 3539 Sirio
1258 3484 1353 3557 rapidi
1376 3485 1442 3538 solis
1474 3484 1591 3541 ardores
1610 3486 1779 3563 frangebat,
1806 3500 1842 3548 ut

1045 3574 1192 3626 auctumni
1205 3572 1312 3627 fructus
1324 3570 1448 3648 (ὀπώρα)
1459 3585 1688 3633 maturescerent
1704 3578 1841 3635 tortasse

1045 3662 1128 3715 etiam
1149 3660 1268 3733 fabutae,
1281 3680 1316 3716 ex
1336 3680 1392 3735 qua
1404 3661 1453 3716 itta
1464 3662 1591 3718 desirata
1605 3674 1686 3738 sunt,
1705 3666 1840 3741 Oporam

1046 3746 1159 3803 titulum
1174 3748 1279 3804 fecerat
1293 3759 1393 3823 poeta,
1412 3768 1471 3823 quo
1484 3750 1579 3807 indice
1590 3751 1716 3808 Alexidis
1732 3753 1842 3813 duma

1045 3836 1198 3907 ferebatur,
1213 3836 1293 3910 quod
1309 3855 1397 3911 quum
1408 3838 1513 3896 Athen.
1529 3840 1559 3892 in
1571 3839 1605 3893 iis
1615 3841 1764 3898 comoediis
1773 3841 1842 3900 fise·

1045 3926 1218 3997 moraverit‚
1228 3942 1316 3998 quea
1327 3925 1524 3981 meretricibus
1532 3945 1638 3982 nomen
1648 3943 1841 4006 accepemus,

1044 4014 1182 4087 suspicari
1202 4013 1283 4081 licet,
1300 4030 1364 4067 eum
1387 4012 1416 4068 id
1431 4013 1527 4069 iecisse
1542 4026 1711 4089 propterea,
1728 4021 1800 4091 quia
1815 4022 1841 4076 is

1045 4101 1176 4156 Comicus
1189 4102 1342 4175 nympham
1356 4100 1485 4174 Operam
1498 4097 1654 4158 meretricis
1665 4104 1768 4161 habitu
1788 4109 1840 4163 in-

1046 4188 1143 4244 dutam
1164 4189 1358 4265 produxerat,
1380 4199 1412 4244 ut
1437 4191 1639 4266 Aristophanes
1663 4193 1786 4249 eandem
1810 4208 1842 4253 et

1044 4276 1211 4348 Theoriam,
1232 4277 1311 4332 Pacis
1330 4278 1446 4332 comites
1466 4296 1475 4335 ε
1494 4297 1523 4335 ν.
1546 4279 1636 4338 schol.
1658 4277 1741 4336 Pacis
1763 4283 1840 4353 705,

1046 4364 1120 4435 842,
1136 4365 1210 4440 849,
1226 4375 1254 4420 et
1278 4365 1314 4420 dc
1335 4366 1434 4439 Opoca
1449 4366 1631 4422 Welckemm
1652 4368 1682 4422 in
1696 4369 1774 4424 libro
1792 4374 1842 4427 in-

1044 4455 1151 4527 scripto
1168 4450 1373 4523 Zeitsclrristj.
1390 4455 1488 4508 Gesch.
1503 4474 1530 4511 u.
1544 4457 1707 4528 Auslegung
1719 4459 1773 4511 der
1790 4464 1840 4514 al·

1045 4553 1090 4595 ten
1104 4542 1208 4610 Kunst,
1223 4542 1282 4596 voi.
1300 4559 1374 4616 ¹,p.
1388 4539 1443 4598 δυο
1455 4561 1535 4616 seqq.
1554 4566 1565 4590 ν
1582 4543 1610 4597 E
1622 4544 1666 4598 M.

1413 4654 1458 4711 ι3.

1086 4762 1233 4841 Polluxa,
1251 4764 1287 4820 33
1305 4785 1311 4819 :
1328 4764 1551 4841 παρανόμους
1573 4764 1601 4822 δὲ
1617 4764 1677 4831 τοὺς
1694 4770 1842 4842 κομῶντας

1046 4847 1141 4930 'rippa
1155 4851 1286 4930 εἷρηιιινό
1306 4851 1431 4928 κωμικός.
1455 4856 1502 4911 sie
1525 4857 1600 4912 enim
1623 4856 1682 4911 haec
1705 4874 1741 4913 ex
1766 4862 1840 4919 cod.

1047 4944 1132 4998 Paris
1145 4943 1288 5017 supplevit
1302 4942 1422 5001 Bekker.

1418 5062 1462 5120 14.

1087 5164 1166 5222 idem
1184 5164 1213 5231 3,
1240 5164 1303 5221 36:
1330 5163 1375 5220 καὶ
1396 5163 1617 5241 διαπαρθόνια
1640 5161 1668 5221 δὲ
1688 5164 1781 5244 δῶρα
1800 5169 1839 5225 τὰ

1046 5253 1112 5330 ὑπὲρ
1126 5256 1170 5309 τοῦ
1185 5249 1233 5322 τὴν
1246 5251 1387 5330 παρθενίαν
1404 5251 1544 5329 ἀφελέσθαι
1558 5253 1692 5327 ὠνόμασεν
1704 5251 1803 5333 'rippa
1824 5261 1841 5315 ό

1046 5340 1219 5416 κωμικόςῐῑιι
1231 5344 1456 5415 Jungermnnnns
1464 5342 1639 5413 conjecerat,
1655 5342 1747 5397 edidit
1761 5347 1840 5402 Bek-

1045 5432 1108 5488 lter.
1123 5430 1214 5488 Codd.
1229 5430 1326 5486 talei.
1343 5431 1437 5486 Kuhn.
1450 5429 1561 5507 ἂμρόας,
1576 5432 1639 5487 Par.
1657 5428 1743 5506 όγόας.

1102 5992 1418 5999 ——---—·--—--.--
1435 5994 1484 5998 ----
1495 5994 1571 5999 ---...
1585 5994 1625 5999 ...-

1635 5992 1832 6003 --—--—...

1046 6073 1102 6144 ipse
1112 6066 1321 6142 pejerareincile
1335 6066 1423 6125 cadet.

1422 6178 1463 6226 10.

1048 6278 1120 6336 Niiiit
1132 6276 1255 6333 omnium
1274 6275 1362 6346 potius
1372 6283 1413 6330 cst
1424 6273 1542 6331 silentio.
