4084 8009
893 1561 1083 1623 EUBULUS.

229 1691 304 1759 lll’
321 1694 388 1760 ἔστι
403 1701 465 1770 τοῖς
476 1701 611 1784 σεμναῖσι
627 1697 679 1784 μὲν
694 1690 930 1787 αὐθαδέστερος,

220 1800 278 1866 καὶ
293 1807 358 1878 τοῖς
371 1795 479 1877 κόλαξι
493 1805 585 1866 πᾶσι·
603 1806 669 1877 τοῖς
685 1801 860 1868 σκιόπτουσί
875 1829 909 1868 τε

227 1908 266 1984 εἰς
280 1909 369 1973 αὐτὸν
385 1908 559 2000 εὐόργητος·
578 1913 703 1999 ἡγεῖται
718 1900 751 1974 δὲ
767 1901 805 1982 δὴ

208 2010 348 2091 ’τούτους
363 2014 466 2104 μόνους
481 2013 662 2104 ἐλευθέρους,
678 2010 734 2081 κᾶν
748 2008 851 2091 δούλος
871 2012 903 2086 ἦ.

178 2144 266 2196 Versu
284 2159 295 2194 1
313 2140 379 2195 libri
402 2139 460 2195 lere
483 2140 605 2214 σεμνοῖς,
624 2141 674 2196 sed
696 2145 743 2197 VL
766 2139 965 2215 σεμνοῖσιν.Λύ

178 2246 312 2284 nurneros
331 2227 415 2300 juvat
438 2233 567 2300 σεμναῖσι.
595 2229 739 2303 Superbos
757 2241 786 2285 et
804 2230 965 2285 adulatores

178 2317 286 2390 pariter
306 2318 524 2391 contempsisse,
543 2318 633 2389 iisque
656 2318 816 2387 insultasse,
839 2316 879 2373 ait
897 2318 965 2373 Dio·

179 2406 309 2476 nysium,
325 2416 480 2478 contraque
494 2405 671 2460 cavillatores
685 2405 824 2464 dilexisse.
844 2408 877 2463 V.
896 2403 912 2460 3
931 2404 966 2470 εἰς

179 2492 308 2547 additum
327 2493 454 2561 alllein,
474 2493 524 2565 qni
544 2511 619 2547 nunc
644 2511 709 2547 eum
724 2491 844 2550 Casaub.
861 2490 964 2565 ἑαυτόν,

179 2591 208 2634 ct
221 2598 329 2635 versun
344 2581 424 2634 malit
440 2585 493 2643 τοῖς
504 2578 526 2635 δ’
537 2567 570 2634 αὐ
580 2577 681 2646 κολαξι.
696 2581 806 2636 Deinde
820 2600 849 2639 v.
863 2582 879 2637 3
897 2580 965 2635 libri

179 2671 223 2743 ἠγ.
243 2665 275 2738 δὴ
286 2668 349 2761 ,vel
365 2667 403 2728 δέ.
420 2671 496 2725 Bene
510 2668 667 2743 Schweigh.
680 2670 725 2743 ἠγ.
744 2666 771 2726 δὲ
787 2667 831 2737 δή.

530 2817 559 2855 a.
584 2795 612 2856 3.
706 2824 710 2836 ·

220 2910 315 2966 Sclrol.
336 2909 435 2983 Eurip.
457 2908 563 2965 llledeae
578 2908 655 2982 473,
674 2905 761 2965 ἔσωσά
780 2905 804 2964 σ’
826 2909 861 2974 ὡς
879 2906 966 2965 ἴσασιν

182 2993 318 3063 Ἑλλήνων
330 2990 395 3067 ὅσοι,
404 3008 458 3054 etc.
472 3017 478 3051 :
492 2992 627 3063 πλεονάζει
637 2997 651 3052 ὁ
661 2993 749 3072 στίχος
760 2995 798 3073 τῷ
812 3015 838 3054 o.
851 2991 906 3052 ὅθεν
921 2993 966 3050 καλ

154 3084 163 3096 '
181 3086 195 3138 δ
214 3082 328 3141 Πλάτων
348 3083 374 3140 ἰν
391 3089 448 3148 ταῖς
466 3081 588 3160 Ἑορταῖς
608 3083 659 3159 (lr.
673 3082 706 3159 7]
720 3103 798 3161 φησιν
814 3108 826 3132 α
841 3079 966 3149 Ἔσωσας

183 3171 293 3244 (malim
312 3166 423 3229 Ἐσωσά
439 3169 479 3246 α’)
501 3172 530 3228 lx
549 3174 601 3229 τῶν
619 3174 701 3247 σῖγμα
716 3173 767 3228 τῶν
783 3169 934 3249 Εὐριπίδου.
950 3197 962 3220 ν

181 3258 226 3315 καί
242 3259 275 3317 Ε.
289 3257 416 3338 Διονυσίῳ

231 3368 390 3464 Εὐριπίδου
404 3368 433 3439 δ’
452 3369 501 3459 ἓξ,
518 3380 557 3452 ὡς
568 3373 664 3458 ἴσασ’,
681 3373 781 3441 ἕσωσά
795 3402 840 3441 σε.

182 3522 226 3557 και

230 3655 277 3663 -
292 3616 437 3707 ΙἸαρθέν’,
455 3611 529 3693 ἔξεις
545 3616 709 3708 μαχαίρας
726 3696 727 3699 ¹

183 3747 272 3821 Vulgo
286 3746 362 3819 apud
378 3746 517 3801 Eubulum
531 3741 675 3821 Εὐριπίδου
687 3743 711 3800 δ’
724 3743 825 3808 ἔσωσας
842 3746 877 3808 ὡς
892 3741 966 3800 ἴσασί

181 3850 238 3899 σοι,
258 3842 286 3887 ct
304 3832 460 3887 secundum
480 3831 610 3888 codicem
630 3832 754 3887 Florent.
779 3827 966 3908 Παρθενεύσεις

182 3915 245 3982 ἔξεις
256 3940 301 3991 μοι
315 3916 401 3997 χάριν,
419 3921 519 3974 vitiose
533 3920 659 3993 quidem.
674 3919 856 3974 lllarlilandus

229 4028 253 4096 ὦ
268 4032 402 4122 παρθέν’,
419 4031 445 4097 εἰ
459 4031 591 4123 σώσαιμί
604 4038 650 4114 σ’,
665 4026 738 4108 ἕξεις
754 4058 803 4123 μοι
817 4030 924 4122 χάριν;

182 4162 230 4230 qui
248 4160 388 4234 Euripidis
401 4178 497 4214 versus
513 4171 603 4216 estex
621 4159 801 4216 Andromeda
824 4179 868 4233 ap.
880 4161 964 4233 Diog.

183 4250 272 4303 laert.
290 4256 316 4316 4,
330 4267 385 4321 29,
399 4249 449 4302 ubi
464 4244 522 4324 εἴσῃ
537 4248 546 4323 (
559 4267 614 4323 pro
629 4245 707 4322 εἴσει)
726 4249 829 4322 legitur
847 4266 901 4321 pro
913 4266 965 4316 eo,

183 4336 262 4406 quod
289 4338 321 4392 E.
347 4338 458 4411 posuit,
488 4333 561 4401 ἑἙεις.
581 4333 631 4394 'Er
654 4348 683 4392 et
700 4333 727 4402 ἓξ
747 4337 864 4391 confusa
882 4337 965 4392 etiam

182 4424 261 4499 apud
275 4426 438 4500 Euripidem
459 4427 593 4501 Meleagri
609 4426 645 4480 lr.
667 4433 716 4494 α4,
732 4443 825 4498 neque
843 4427 879 4480 ita
900 4443 965 4479 raro

183 4509 194 4577 ξ
209 4523 238 4568 et
251 4534 268 4568 σ
279 4524 440 4597 permutata
452 4515 527 4571 inter
545 4532 574 4570 se
596 4515 735 4588 reperias,
748 4517 825 4569 velut
841 4514 966 4569 lleeubae

182 4600 241 4755 ,ρξ58
250 4619 305 4675 pro
318 4600 396 4657 παῖδ’
411 4598 485 4673 ἤσως
499 4602 651 4678 legendum
668 4621 726 4658 esse
746 4604 870 4657 arbitror
883 4600 965 4658 παῖδ’

214 4710 249 4758 ως

561 4804 589 4864 4.

222 4906 333 4962 Ibidem
352 4907 468 4963 additur
487 4918 553 4982 post
575 4904 638 4972 ἑἜεις
655 4929 699 4981 μοι
720 4905 806 4985 χάριν,
829 4911 964 4964 sententia

181 4996 296 5070 quidem
312 4996 500 5069 abhorrente,
512 4997 565 5051 nisi
578 4997 656 5069 quod
670 4998 752 5053 etiam
768 4998 815 5054 hic
832 4997 963 5072 frequen·

181 5088 236 5140 tius
249 5096 416 5159 usurpatum
427 5088 514 5161 sigma
527 5088 703 5159 vituperatur
719 5106 725 5139 :

230 5200 294 5264 Καὶ
309 5207 373 5277 τοῖς
389 5204 506 5291 ἐμοῖσιν
517 5204 665 5293 ἐγγελῶσα
678 5204 816 5291 πόμασι,

230 5304 271 5370 τά
285 5313 385 5399 σῖγμα
402 5301 616 5387 συλλέξαντες,
633 5312 673 5384 ὡς
690 5312 773 5393 αὐτῷ
788 5308 883 5399 copul.

181 5521 295 5575 videtur
317 5524 487 5597 gloriantem
510 5525 653 5581 induxisse
676 5527 856 5599 Dionysium,
884 5527 964 5598 quod

183 5609 325 5683 Euripidis
333 5608 506 5686 sigmatismo
516 5614 628 5669 Graecos
636 5615 788 5670 liberasset.
796 5618 838 5670 Ac
845 5614 964 5670 fortasse

470 5779 672 5836 DIONYSlUS.

559 5866 584 5915 1.

178 5938 229 5993 Sed
240 5955 302 6011 erga
315 5940 447 6012 superbos
459 5942 569 6015 quidem
588 5952 616 6000 et
629 5944 785 6002 adulatores
796 5959 892 6000 omnes

165 6027 345 6097 'arrogantior
358 6035 416 6095 est3
432 6044 629 6102 propensaque
646 6031 791 6087 voluntatis
805 6032 832 6085 in
847 6047 908 6096 eos,

177 6114 222 6184 qui
239 6114 329 6186 ipsum
341 6116 513 6186 cavillantur,
529 6126 612 6189 atque
628 6118 678 6174 lios
690 6136 755 6174 sane

176 6199 249 6255 solos
263 6199 362 6257 liberos
374 6203 527 6270 existimat,
543 6206 667 6275 quamvis
682 6222 781 6261 servos.

556 6296 572 6343 2

178 6375 215 6429 tls
232 6374 360 6447 Euripide
373 6384 480 6447 autem,
493 6385 523 6435 ut
536 6377 641 6448 sciunt,
655 6387 680 6436 te
695 6380 806 6438 servavi.

1726 1538 1785 1628 Ι’141

1011 1692 1124 1770 ἄσιγμον
1140 1694 1307 1770 tragediam
1328 1696 1357 1749 in
1376 1706 1517 1751 certamen
1535 1698 1729 1768 commiserat,
1750 1719 1799 1754 eu-

1009 1783 1134 1854 jusmodi
1149 1785 1239 1839 lnsum
1253 1802 1289 1839 ne
1304 1783 1440 1838 Pindarus
1451 1784 1567 1856 quidem
1582 1796 1610 1841 et
1623 1789 1711 1843 Lasus
1727 1789 1798 1843 ller-

1011 1873 1164 1928 mionensis
1177 1872 1367 1928 aversatisunt
1382 1887 1428 1929 tv.
1442 1869 1561 1928 Casaub.
1577 1874 1613 1929 ad
1628 1876 1730 1932 Athen.
1751 1894 1797 1942 ro,

1013 1979 1043 2033 p.
1062 1959 1131 2027 448,
1145 1959 1176 2027 C,
1193 1961 1230 2027 D,
1247 1958 1327 2014 etde
1344 1958 1486 2031 tragoediis
1506 1961 1709 2036 comoediisque
1726 1965 1799 2018 Dio-

1010 2048 1083 2119 nysii
1093 2087 1105 2118 ,1
1122 2064 1139 2101 a
1159 2045 1247 2102 Suida
1267 2048 1513 2121 commemoratis,
1537 2045 1605 2102 llist.
1629 2050 1693 2104 crit.
1715 2052 1796 2110 Com.

1011 2153 1043 2207 p.
1060 2132 1116 2200 524
1142 2134 1222 2209 (ubi
1242 2132 1423 2189 scribendum
1442 2145 1514 2208 puto
1539 2136 1703 2206 Dionysiam
1724 2144 1799 2207 ‹ju-

1011 2229 1131 2289 πίστεσι,
1145 2244 1157 2270 υ
1175 2222 1220 2278 vel
1234 2245 1246 2271 ι
1259 2226 1404 2279 minorem.
1417 2244 1430 2271 ι
1443 2221 1528 2280 Both.
1538 2221 1561 2296 ).
1574 2221 1727 2295 Odysseam
1740 2224 1798 2281 άσι-

1011 2327 1078 2382 γμον
1091 2306 1310 2382 Tryphiodorus
1327 2308 1441 2381 scripsit
1451 2308 1609 2366 seeundum
1622 2311 1799 2367 Eustathium

1011 2415 1042 2470 p.
1062 2395 1149 2469 1379,
1164 2392 1212 2450 55.
1232 2396 1285 2449 »E
1298 2396 1341 2453 M.

1052 2596 1217 2651 Ptolemaeus
1229 2595 1371 2669 Hephaest.
1389 2596 1466 2669 apud
1489 2593 1624 2652 Photium
1641 2573 1799 2672 Bibt.'19o‚

1011 2702 1043 2758 p.
1066 2682 1120 2739 150
1134 2682 1180 2740 ed.
1196 2682 1315 2738 Beklaeri
1332 2679 1391 2738 :du
1406 2680 1435 2738 τὸ

1062 2795 1125 2864 xci
1148 2799 1309 2888 Προκλέους
1337 2798 1424 2863 ἵπποι
1454 2795 1577 2890 χλωρὰν
1599 2796 1798 2887 ψαλάιιανθαν

1668 2898 1798 2990 ἔδουσιν,

1013 3033 1137 3113 ἀγνοηθὲν
1157 3035 1338 3117 Καλλιμάχῳ,
1360 3036 1495 3097 Εὐύοόλου
1521 3038 1576 3096 ἐστὶ
1601 3044 1647 3097 τοῦ
1665 3048 1799 3119 κωμικοῦ,

1014 3126 1049 3189 εἰς
1076 3122 1211 3183 Διονύσιον
1236 3124 1412 3205 κωμιμδίιρ....
1435 3131 1452 3197 ἡ
1476 3125 1503 3183 δὲ
1523 3126 1677 3206 ψαλάκανδα
1702 3129 1798 3207 βοτάνη

1011 3211 1082 3269 ἐστίν
1097 3211 1246 3289 Αἰγυπτία,
1266 3212 1323 3283 ἥτις
1340 3212 1429 3280 ἵπποις
1443 3214 1638 3292 περιαπτομίνη
1652 3216 1726 3287 νίιιην
1743 3241 1799 3275 πα-

1013 3299 1083 3377 ρέχει
1101 3300 1147 3357 καὶ
1167 3300 1343 3376 εὐδαιμονίαν.
1364 3328 1376 3352 ι
1395 3305 1460 3359 Non
1473 3315 1568 3379 potest
1582 3305 1705 3360 dubitari
1729 3309 1798 3380 quin

1012 3391 1071 3444 lure
1086 3391 1229 3464 Ptolemaei
1248 3391 1283 3446 de
1301 3392 1483 3466 psalacanthe
1502 3394 1634 3465 respiciat
1650 3394 1750 3449 Suldas
1768 3394 1797 3465 3,

1011 3496 1041 3551 p.
1059 3477 1115 3532 aad
1135 3477 1236 3555 (ubi...
1262 3468 1335 3543 οὗτος
1360 3477 1458 3555 ἔγραψε
1480 3476 1540 3557 περὶ
1560 3478 1748 3557 ψαλακάνθης·
1771 3482 1798 3539 ἐν

1011 3562 1095 3643 τούτῳ
1116 3563 1144 3620 δέ
1158 3586 1247 3643 φησιν,
1259 3563 1299 3622 ότι
1314 3564 1411 3642 βοτάνη
1433 3564 1490 3623 ίστί
1506 3566 1661 3638 θαυμαστήν
1676 3590 1736 3625 τινα
1749 3566 1797 3626 δό-

1009 3674 1091 3727 ναμιν
1101 3650 1228 3730 ἔχουσα).
1247 3656 1348 3711 Eubuli
1362 3674 1474 3711 versum
1495 3656 1532 3710 ad
1550 3657 1680 3730 Dionysii
1692 3668 1795 3714 contu·

1012 3742 1125 3796 meliarn
1139 3753 1279 3815 spectare,
1301 3744 1465 3800 Ptolemaeus
1479 3744 1632 3815 indicavit,
1651 3744 1702 3802 sed
1721 3748 1797 3803 ratio

1012 3830 1151 3884 irrisionis
1163 3831 1240 3901 haud
1252 3832 1316 3886 satis
1334 3843 1432 3906 aperta
1447 3842 1500 3889 est.
1517 3831 1552 3886 ld
1566 3851 1655 3887 unum
1675 3834 1797 3910 scimus,

1012 3914 1144 3973 Proelem
1159 3919 1260 3988 istum,
1275 3920 1476 3993 imperatorem
1490 3921 1662 3990 Naxiorum,
1677 3924 1797 3995 patriam

1012 4005 1171 4079 prodidisse
1184 4008 1323 4079 Dionysio
1338 4009 1444 4083 olymp.
1461 4016 1512 4082 94,
1526 4027 1542 4062 υ
1555 4006 1635 4083 (ante
1649 4009 1716 4067 Clrr.
1738 4022 1796 4069 nat.

1013 4093 1087 4167 4ου)
1102 4112 1108 4147 :
1126 4111 1153 4149 v.
1172 4094 1241 4152 llist.
1257 4095 1321 4151 crit.
1342 4094 1422 4153 Com.
1443 4115 1472 4170 p.
1495 4095 1562 4151 361.
1581 4120 1593 4145 ι
1611 4098 1637 4150 Ε
1649 4098 1693 4153 Μ.
1710 4097 1797 4155 Calli-

1011 4182 1112 4235 macho
1140 4183 1170 4235 in
1193 4199 1253 4254 quo
1275 4184 1382 4256 scripto
1400 4183 1459 4237 lraec
1481 4183 1658 4257 respicienda
1675 4183 1795 4255 luerint,

1012 4287 1075 4340 quae
1086 4286 1151 4323 eum
1163 4270 1294 4344 ignorare
1308 4269 1379 4324 dicit
1390 4271 1730 4337 Ptolemaeus,neseimus.
1744 4272 1796 4329 Ce-

1013 4366 1104 4410 terum
1121 4357 1161 4411 ita
1182 4357 1275 4412 codex
1295 4359 1432 4426 Venetus;
1452 4358 1560 4432 vulgati
1574 4356 1663 4417 Καὶ...
1680 4356 1807 4436 ἔχουσιν.-

1014 4444 1127 4499 l’ridem
1142 4445 1231 4500 Bentl.
1249 4441 1359 4504 ἔδουσιν.
1376 4445 1418 4505 Cf.
1431 4464 1496 4501 ann.
1511 4444 1547 4501 ad
1560 4444 1721 4503 Pherecrat.
1736 4446 1794 4505 Τυ-

1013 4552 1084 4607 ρανν.
1104 4550 1131 4607 ι,
1144 4533 1173 4607 3,
1189 4542 1243 4588 etc.

1396 4611 1424 4668 6.

1052 4726 1193 4780 Zenobins
1208 4730 1235 4793 4,
1250 4723 1298 4793 66,
1317 4720 1518 4801 Κωρότερος
1536 4721 1658 4799 κίχλης
1675 4743 1680 4753 ·
1699 4722 1796 4794 ταύτης

1013 4811 1046 4869 Ε.
1062 4812 1088 4867 έν
1102 4808 1219 4889 Διονύσῳ
1235 4812 1304 4886 (sic)
1327 4808 1469 4885 μέμνηται·
1484 4808 1549 4889 φασὶ
1563 4808 1613 4888 γάρ
1627 4808 1806 4889 κωρεύειντύ,

1013 4900 1089 4976 ζῷον.
1107 4899 1241 4957 lllendose
1253 4901 1368 4955 Photius
1382 4903 1452 4957 Lex.
1467 4919 1496 4973 p.
1513 4917 1581 4965 noo,
1605 4898 1706 4954 Suidas
1718 4900 1748 4953 b.
1764 4919 1794 4958 v.

1011 4998 1040 5042 et
1054 4990 1181 5043 lneertns
1189 4988 1316 5044 Crameri
1333 4988 1443 5043 Anecd.
1461 4989 1525 5044 Par.
1545 5007 1572 5058 ι,
1588 5007 1618 5061 p.
1638 4986 1716 5060 396:
1733 4985 1795 5063 παρ’

1012 5073 1140 5155 Εὐόούλῳ
1153 5076 1180 5132 ἐν
1194 5072 1322 5152 Διονυσίῳ
1334 5071 1438 5148 λέγεται
1453 5099 1465 5126 ι
1481 5073 1641 5154 ἀρωνότερος
1656 5071 1759 5151 κίχλης.
1779 5101 1790 5124 ι

1010 5166 1138 5221 Scribam
1152 5162 1333 5243 εὐφωνότεροι,
1344 5182 1407 5237 quae
1417 5164 1611 5238 dittographia
1620 5163 1705 5218 luerit
1716 5164 1795 5237 apud

1011 5254 1151 5310 Eubulum
1165 5271 1173 5312 ε
1187 5272 1253 5309 nam
1267 5253 1382 5308 turdum
1401 5250 1502 5330 ἄφωνον
1522 5252 1618 5308 (λίσσεο
1632 5252 1720 5327 inepti
1736 5264 1791 5319 est,

1011 5360 1063 5397 uec
1077 5361 1141 5398 raro
1155 5362 1172 5396 α
1187 5351 1214 5397 et
1229 5360 1257 5395 ευ
1270 5351 1444 5395 commutata
1457 5350 1532 5396 sunt.

1288 5485 1352 5544 XV.
1373 5484 1512 5543 uoluti.

1053 5615 1143 5688 llnjus
1158 5615 1259 5669 labulae
1275 5615 1386 5668 titulum
1400 5613 1521 5668 servavit
1539 5611 1640 5665 Athen.
1658 5606 1792 5664 lllendose

1009 5849 1152 5921 -Virgo,
1166 5849 1313 5906 lrabebisne
1326 5784 1537 5919 nutdgruiam?

1011 5998 1123 6068 tleaque
1137 6004 1272 6052 tormenta
1285 5934 1412 6053 deridedt

1008 6084 1121 6154 sigmate
1135 6083 1251 6138 collecto
1261 6124 1268 6143 .
1279 6084 1356 6154 quasi
1369 6082 1420 6186 lrpe
1429 6083 1575 6154 sapientes.

1156 6169 1157 6172 ’
1383 6179 1400 6209 o

1011 6242 1042 6294 Et
1056 6238 1157 6293 Proelia
1173 6238 1235 6309 equi
1250 6232 1362 6294 viridem
1376 6238 1575 6362 psalaeautlum
1588 6237 1684 6296 edunt.

1007 6377 1119 6437 Surdior
1132 6378 1193 6447 (vel
1203 6380 1331 6448 vocalior)
1344 6335 1424 6437 turdo
1529 6384 1532 6390 '
