4084 8009
861 1484 1154 1547 unusluscuus.
1760 1496 1816 1545 sos

279 1630 400 1715 μολπὰ,
417 1620 558 1716 κλαγγὰ,
575 1624 714 1715 θράττει,
733 1627 863 1687 πνεῖται·
1036 1624 1067 1677 V.
1089 1638 1124 1673 ιι
1152 1614 1236 1681 οὕτως
1256 1618 1370 1676 Jacobs.
1393 1636 1448 1693 pro
1473 1616 1558 1686 αὐτὸς,
1580 1618 1660 1691 quod
1682 1620 1814 1674 alienum.

273 1732 368 1821 Ἰκούρα
382 1728 486 1810 κασίας
500 1719 532 1792 τ’
549 1728 610 1793 ἀπὸ
625 1726 786 1820 pappum
1036 1710 1068 1762 V.
1083 1706 1119 1761 23
1133 1705 1198 1759 libri
1217 1704 1259 1780 βλ.
1280 1703 1350 1810 δεῦρ’
1369 1701 1457 1812 είπως,
1471 1702 1538 1760 αὐτὰ
1551 1703 1672 1811 φράσεις.
1693 1707 1814 1806 Μοίιιοίι.

277 1837 353 1927 ἁγία
369 1834 478 1925 Συρίας
495 1842 630 1926 μυκτῆρα
641 1824 742 1916 dorsi,
1035 1805 1151 1938 2¹:⁰²⁰?
1162 1789 1495 1945 Ρΐῦἳδῗεὲιπῖίρῖυδτθ
1507 1812 1627 1933 ἶθῗσῑῑύὶ
1638 1795 1673 1850 V·
1691 1790 1729 1934 25
1743 1811 1817 1935 ⁸¹¹3·

203 1937 252 2007 00
278 1936 420 2031 lisseol,
437 1937 546 2031 μάνου,
563 1942 709 2031 σμύρνης,
730 1937 888 2028 καλάμου,
1034 1897 1288 2037 videbilis
1303 1922 1449 2041 ineptesic
1465 1887 1616 2042 duni?
1642 1897 1695 1935 Μ
1723 1898 1745 1935 ae
1808 1923 1814 1936 ⁸

277 2049 441 2139 utlipoettot,
458 2037 574 2113 λίνδου·
1074 2082 1108 2144 ὡς
1122 2081 1173 2136 τῶν
1185 2078 1255 2157 ὄψων
1268 2081 1352 2157 ἑφθῶν
1366 2077 1459 2152 ὄντοιν,

277 2145 386 2218 Τοιάθσ
401 2147 512 2244 δόμους
522 2149 635 2243 ὁμίχλη
652 2151 800 2239 κατέχει,
1075 2166 1160 2223 ὀπτῶν
1175 2164 1267 2236 ὄντων,
1281 2167 1388 2243 ψυχρῶν
1401 2165 1492 2223 ὄντων.

278 2256 401 2322 πάντων
415 2252 562 2350 *apulos
577 2256 756 2347 ἀνάμεστος·
1034 2293 1068 2348 V.
1085 2308 1122 2365 ²9
1136 2291 1222 2365 vulgo
1240 2287 1323 2364 λέγων
1346 2302 1374 2346 et
1392 2289 1479 2349 ἐλαία.
1490 2271 1526 2347 V.
1544 2290 1589 2356 31,
1614 2289 1651 2345 32
1663 2257 1757 2346 θύννου

206 2390 290 2439 Versu
309 2404 319 2439 ι
338 2386 433 2459 inepte
451 2385 517 2439 libri
539 2379 806 2461 κυπαρισσοτρόφων,
828 2370 908 2454 quod
923 2400 987 2437 cor-
1034 2375 1157 2455 γόγγρου.
1172 2379 1320 2434 «Eosdem
1339 2380 1429 2453 pisces
1444 2378 1546 2433 eodem
1567 2377 1668 2433 ordine
1689 2389 1817 2435 recenset

204 2475 278 2528 rexit
299 2473 416 2531 Casaub.
432 2474 467 2529 V.
485 2492 501 2528 2
519 2472 615 2526 malim
629 2467 777 2545 στείχειν
792 2466 910 2546 ἀγοράν,
931 2490 945 2523 ν
960 2480 988 2524 et
1036 2467 1182 2541 Ephippus
1197 2467 1381 2540 Cydone,fr.
1405 2486 1431 2525 1.
1448 2470 1482 2523 V.
1498 2465 1534 2522 33
1549 2468 1650 2540 scripsi
1670 2461 1769 2543 φοξῖνος
1781 2486 1816 2523 ex

204 2559 431 2632 ceommutatis,
448 2559 590 2633 siquidem
611 2556 659 2613 ille
674 2574 732 2611 una
748 2557 888 2612 sententia
908 2558 987 2612 Βαῑνι
1034 2553 1212 2627 Dalecampii
1244 2554 1418 2611 testimonio.
1452 2555 1548 2609 Nostri
1579 2553 1646 2609 libri
1677 2550 1815 2631 φοξίιιινος.

258 2645 317 2714 ἕξοι,
343 2643 437 2722 (ὥστε)
457 2644 570 2722 στείχειν
590 2643 699 2722 ἀγορὰν,
726 2645 755 2698 h.
779 2662 806 2701 e.
829 2643 865 2707 τίς
879 2640 986 2719 ἀγοράν.
1036 2641 1178 2695 Pdoxinus
1191 2638 1334 2696 fluviatilis
1345 2642 1429 2716 piscis
1443 2652 1498 2711 est,
1511 2641 1547 2697 de
1561 2660 1620 2714 quo
1636 2632 1755 2701 Aristot.
1775 2646 1814 2702 H.

205 2735 239 2792 V.
253 2735 268 2791 3
288 2761 299 2785 ι
315 2736 351 2792 de
365 2737 476 2790 Hermis
488 2736 518 2789 in
529 2735 633 2789 vicinia
649 2733 704 2787 lori
725 2742 753 2787 et
769 2732 880 2788 Poecilae
890 2732 988 2806 positis
1035 2731 1070 2785 A.
1087 2729 1116 2795 6,
1136 2747 1182 2797 ιι,
1198 2746 1235 2797 ²3
1254 2728 1342 2797 13‚n,
1359 2740 1415 2784 etc.
1428 2731 1462 2787 V.
1479 2728 1527 2786 35.
1538 2730 1642 2787 Athen.
1659 2750 1686 2801 7,
1702 2749 1730 2803 p.
1749 2729 1816 2800 3οι,

203 2823 362 2881 v.Pausan.
373 2824 434 2881 Att.
452 2843 478 2896 1,
495 2822 541 2891 ιθ,
552 2833 581 2878 et
593 2821 752 2878 Meneclem
762 2820 844 2877 Phot.
854 2837 921 2893 pag.
940 2818 986 2888 15,
1034 2818 1060 2871 D
1084 2834 1090 2868 ε
1116 2815 1291 2884 ἠλακατῆνες.
1319 2815 1409 2884 Μνησ.
1431 2811 1598 2895 Ἱπποτρόφῳ
1624 2842 1636 2866 ι
1658 2814 1816 2894 Σκόμύρος,

205 2912 231 2965 3.
252 2913 296 2967 lbi
311 2912 439 2985 equitum
451 2912 584 2967 exercitia
595 2910 697 2979 fuisse,
709 2927 743 2964 ex
757 2909 813 2964 hoc
822 2908 842 2966 l.
851 2906 985 2982 intelligi·
1034 2898 1120 2966 θύννος
1134 2898 1216 2979 (sic),
1230 2899 1336 2973 κιούιὸς,
1348 2903 1518 2972 ἠλακατῆνες·
1531 2904 1629 2962 »unde
1637 2915 1736 2962 nostro
1751 2908 1817 2963 loco

202 3010 260 3066 tur,
275 3017 328 3054 nec
344 2991 753 3071 dissentitchophonHipp.
769 2995 797 3069 3,
814 3012 842 3062 n,
859 2995 987 3068 equitum
1034 2992 1157 3046 restituit
1187 2991 1322 3062 Casaub.;
1347 3010 1414 3047 nam
1442 2992 1510 3048 libri
1533 2992 1700 3061 ἠλακατῖνος.
1723 2996 1817 3052 Verba

204 3085 385 3142 decursiones
395 3088 435 3141 ita
448 3084 633 3141 instituendas
646 3102 704 3140 esse
717 3082 885 3159 praecipiens
894 3091 926 3137 ut
940 3081 986 3159 cip·
1034 3076 1144 3149 κωύιὸς,
1156 3078 1336 3156 ἠλακατῆνες,
1351 3078 1425 3144 κυνὸς
1434 3079 1537 3159 οὐραῖον
1550 3083 1650 3138 ascivit
1662 3083 1818 3140 Menander

205 3172 309 3247 ξάμενοι
324 3171 375 3230 tut
388 3174 439 3230 τῶν
458 3169 564 3251 Ἑρμῶν
578 3168 667 3249 κύκλῳ
682 3170 741 3247 περί
757 3167 806 3238 τὴν
820 3165 918 3246 ἀγορὰν
939 3166 987 3224 καί
1035 3166 1238 3242 Atheuaei7,p'.
1250 3167 1358 3239 301,st
1370 3171 1472 3241 Quaev,
1485 3170 1684 3245 36sequuntur
1692 3172 1743 3228 τῶν
1751 3193 1816 3249 καρ-

203 3260 236 3316 τὰ
256 3259 313 3338 ίιρθι
329 3258 544 3341 περιιλαύνωσιν.
569 3263 603 3319 V.
623 3279 638 3331 7
659 3260 751 3317 Pbido
773 3256 888 3314 videtur
905 3257 987 3311 fuisse
1034 3254 1196 3333 χαριῶνίοίσ
1207 3257 1365 3332 Schweigh.
1375 3275 1430 3331 pro
1441 3257 1750 3338 eappapluvbisquead
1759 3258 1817 3317 κόκ·

205 3368 275 3403 unus
286 3369 320 3405 ex
332 3350 511 3423 phylarchis,
529 3368 601 3423 quos
617 3348 761 3423 praefuisse
778 3346 833 3401 illis
848 3345 988 3401 exercitiis
1035 3339 1083 3410 κυξ
1099 3362 1126 3399 ν.
1142 3344 1179 3418 39
1197 3345 1301 3400 iterum
1321 3347 1454 3419 apposuit
1475 3347 1578 3404 Athen.
1597 3367 1626 3417 7,
1643 3366 1675 3421 p.
1696 3347 1762 3418 322,
1781 3349 1816 3417 E,

203 3439 333 3493 novimus
346 3458 360 3494 e
375 3436 565 3512 Xenophonte
577 3438 643 3494 libri
657 3439 704 3493 cit.
728 3455 754 3506 1,
769 3433 796 3490 8.
814 3433 912 3492 Verbis
924 3433 987 3489 ιἰνα-
1035 3432 1086 3486 ubi
1098 3431 1134 3487 de
1145 3429 1235 3510 σαύρῳ
1246 3435 1322 3508 pisce
1335 3436 1437 3508 agitur.
1448 3438 1483 3493 V.
1498 3434 1536 3490 38
1551 3432 1659 3512 βρέγκος
1671 3454 1727 3509 pro
1744 3434 1817 3513 βρίγ·

202 3523 299 3581 θαίνειν
321 3524 364 3583 ἐπὶ
377 3524 435 3591 τοὺς
450 3523 545 3590 ἵππους
561 3522 607 3581 καὶ
621 3522 788 3582 καταθαίνιιν
807 3522 878 3579 illud
894 3540 987 3594 eque·
1035 3540 1081 3595 χος
1093 3518 1227 3578 Diudorl.
1242 3538 1277 3575 ex
1294 3520 1369 3576 libro
1392 3541 1408 3591 7
1428 3532 1457 3576 et
1475 3522 1599 3597 Ephippi
1618 3523 1683 3578 loco
1697 3522 1815 3583 ibidem.

201 3614 264 3666 stris
278 3615 403 3667 exercitii
418 3632 502 3682 genus
517 3612 584 3687 (cur
600 3613 631 3668 id
641 3611 864 3686 solumidotle.j
879 3608 987 3663 indica·
1037 3609 1126 3662 Porro
1146 3626 1243 3663 versus
1267 3614 1303 3673 40
1329 3620 1358 3663 et
1385 3616 1420 3676 lt
1448 3612 1581 3684 apposuit
1604 3610 1707 3669 Athen.
1732 3614 1817 3669 etiam

203 3712 265 3766 tur,
286 3700 366 3772 quod
397 3701 539 3757 vocabant
563 3698 704 3757 ἀπούατῶν
733 3700 831 3776 ἀγῶνα.
858 3697 987 3755 Lexicon
1034 3716 1065 3771 p.
1081 3696 1186 3771 329,D
1202 3716 1208 3751 :
1226 3698 1277 3753 ubi
1292 3717 1347 3772 pro
1366 3700 1464 3777 θρᾷττα
1477 3718 1506 3758 ν.
1525 3706 1559 3765 4ι
1581 3699 1757 3756 Dorotheum
1771 3720 1818 3756 re-

203 3787 309 3844 rhetor.
330 3788 450 3845 Belleri
472 3788 582 3846 Anecd.
608 3808 639 3863 p.
667 3787 737 3862 198,
763 3806 808 3853 ιι,
829 3784 981 3845 Ἀποθατῶν
1036 3786 1090 3842 sert
1103 3786 1202 3861 legisse
1226 3782 1335 3856 dicre,
1354 3789 1412 3842 sive
1428 3788 1504 3843 malo
1521 3787 1620 3844 codice
1637 3806 1737 3856 usum,
1759 3790 1816 3845 sive

200 3873 271 3947 ἀγών
297 3896 302 3906 ·
326 3864 389 3954 lvd)
410 3876 433 3932 οί
447 3872 567 3953 ἔμπειροι
590 3879 636 3932 τοῦ
660 3873 777 3932 ἐλαύνειν
799 3871 905 3954 ἅρματα
928 3873 983 3949 ἅμα
1035 3873 1114 3946 quod
1137 3876 1198 3949 ipse
1217 3877 1341 3931 nominis
1356 3878 1454 3952 θρᾷττα
1471 3877 1619 3931 insolentia
1642 3876 1765 3932 offensus
1778 3879 1816 3933 ita

199 3961 307 4018 θεόντων
321 3964 373 4019 τῶν
386 3959 474 4019 ἳππων
489 3961 625 4023 ιἰνέὸαινον
641 3959 684 4019 διὰ
695 3964 789 4039 τροχοῦ
800 3959 844 4017 καί
856 3958 983 4018 κατέθαι-
1035 3963 1213 4022 correxisset.
1229 3965 1314 4037 Quod
1329 3984 1356 4019 ν.
1374 3970 1410 4029 4ο
1429 3976 1494 4038 post
1511 3963 1611 4040 σπάρος
1631 3965 1759 4022 additum
1773 3968 1815 4023 le·

200 4072 253 4107 νον.
269 4051 313 4106 Ad
324 4052 403 4125 quod
419 4070 507 4126 genus
519 4050 680 4108 certaminis
689 4059 799 4125 spectat
815 4050 941 4106 Alexidis
957 4062 985 4106 et
1034 4049 1154 4126 gebatur
1163 4048 1268 4129 σκάρος,
1278 4052 1545 4127 delevitSchweigh.
1556 4053 1691 4126 abestque
1703 4054 1816 4124 libro7.

200 4139 307 4212 Diphili
341 4139 500 4194 fabularum
532 4141 629 4196 titulus
656 4134 814 4204 Ἀποθοίτςς.
842 4160 855 4185 ν
884 4139 909 4191 Ε
935 4139 981 4193 M.
1035 4140 1167 4195 Versibus
1178 4141 1379 4216 4ο-44ραιισία
1388 4144 1624 4197 mutatisususest
1639 4142 1816 4218 Ephippus.·

201 4228 288 4279 Versu
313 4244 331 4298 9
357 4225 461 4279 inserui
485 4221 519 4299 γ’.
544 4228 578 4283 V.
604 4242 638 4280 ιο
665 4223 732 4279 libri
755 4234 891 4297 corrupte
921 4223 983 4279 σπλ.
1034 4226 1059 4278 Ε
1083 4228 1128 4284 Μ.
1159 4228 1241 4285 Cous.
1264 4230 1349 4284 etiam
1381 4230 1527 4304 Aristoph.
1556 4229 1678 4287 Holcad.
1703 4230 1738 4287 fr.
1769 4249 1814 4286 ιο.

199 4307 409 4387 ὀπτᾶταιχναυιίι
419 4311 472 4386 (sic
486 4314 522 4381 A,
534 4307 625 4389 χαύνω
638 4310 738 4385 PVL).
752 4310 876 4369 llleinck.
887 4311 986 4369 maluit
1034 4314 1122 4369 Versu
1141 4314 1178 4371 38
1198 4327 1359 4390 suspectum
1379 4312 1472 4392 τρίγλη
1487 4317 1628 4391 producta
1646 4319 1814 4391 penultima.

200 4398 296 4474 χναῦμ’
310 4397 454 4476 ἥρπασται.
470 4403 504 4458 V.
522 4398 688 4456 Schneideri
706 4400 776 4455 Lex.
796 4417 825 4453 ν.
848 4397 983 4476 Χναυρὸς,
1034 4399 1203 4478 Τριγόλα,
1236 4405 1368 4472 cuculus,
1400 4406 1486 4479 piscis
1518 4416 1757 4460 commemoratur
1781 4405 1817 4461 ab

201 4486 276 4541 unde
289 4488 372 4541 etiam
386 4486 472 4542 Dind.
493 4487 636 4543 arcessivit
653 4481 758 4564 χναύρ’.
775 4488 810 4544 V.
831 4483 866 4541 15
887 4487 985 4562 scripsi
1035 4489 1138 4549 Athen.
1152 4509 1182 4563 p.
1199 4490 1268 4564 324,
1282 4493 1315 4547 F.
1334 4495 1422 4549 Versu
1438 4490 1474 4558 43
1494 4490 1609 4548 τοολυπ.
1629 4491 1750 4549 Meinek.
1760 4509 1816 4565 pro

199 4569 308 4649 φύστης.
332 4573 424 4631 codd.
445 4575 618 4650 tautologice
638 4571 749 4651 φύσκης.
772 4576 808 4631 V.
842 4593 875 4644 17
902 4571 983 4653 ύξτρρ.
1033 4578 1131 4634 πολοπ.
1147 4580 1182 4637 V.
1199 4578 1235 4646 45
1251 4579 1328 4634 idem
1345 4579 1462 4635 criticus
1475 4579 1601 4634 restituit
1620 4574 1722 4653 ἄρκτος.
1742 4578 1813 4634 Cod.

200 4663 326 4717 Eustath.
351 4661 390 4718 ad
407 4661 508 4737 Odyss.
528 4682 559 4737 p.
586 4681 680 4738 7119,
708 4660 744 4728 43
763 4662 887 4736 explicat
905 4658 985 4731 ἱξην-
1033 4663 1165 4741 Βύρτος,
1180 4667 1266 4722 ceteri
1289 4662 1375 4742 ἄρτοι.
1392 4666 1448 4722 Sed
1463 4682 1549 4739 panes
1559 4662 1619 4735 jam
1632 4682 1717 4738 supra
1730 4684 1759 4723 v.
1780 4684 1812 4721 ιι

198 4743 295 4813 sitiit,
310 4746 356 4806 καί
382 4745 431 4815 ἔξω
452 4748 528 4806 πίθου
548 4747 642 4827 ἔφοίνη.
662 4749 696 4804 V.
723 4749 758 4806 ιθ
779 4744 887 4805 λύπτται
907 4762 985 4807 recte
1033 4754 1238 4822 ιιιοιιιοιοιί,οῑ
1248 4754 1446 4827 piscisnomen
1459 4753 1623 4825 requiritur.
1639 4755 1672 4808 V.
1689 4759 1725 4822 47
1743 4751 1815 4818 ιοίθς

200 4836 320 4891 Meiuek.
343 4856 398 4911 pro
412 4834 542 4895 λείπεται.
557 4862 571 4888 ι
585 4836 710 4895 Verbum
724 4830 852 4913 (inquit)
867 4838 985 4911 proprie
1033 4839 1105 4895 dixit
1118 4840 1275 4915 penultima
1292 4840 1390 4905 brevi,
1403 4849 1437 4895 ut
1449 4839 1577 4895 Eubulus
1597 4836 1688 4896 Pann.
1707 4846 1723 4906 4
1743 4832 1815 4906 σίας,

199 4923 338 4999 siguificat
353 4923 497 4982 ἀποτυλοῢν
510 4922 644 5002 (ἀναφλᾶν
664 4920 829 4980 Schneider.
837 4920 860 5000 l,
882 4923 985 4979 deinde
1032 4927 1112 4999 quod
1122 4928 1224 4983 frustra
1240 4928 1359 4983 tentavit
1375 4925 1457 4985 Pors.
1469 4925 1526 5002 (Cf.
1538 4944 1602 4983 ann.
1617 4925 1655 4982 ad
1667 4924 1749 4983 lliad.
1767 4924 1817 4998 23,

198 5014 353 5088 generatim
360 5012 397 5069 ad
407 5029 556 5069 veneream
563 5012 748 5087 philantiam
759 5011 923 5067 translatum
933 5021 983 5071 est.
1033 5033 1102 5089 792,
1115 5016 1228 5071 Philisci
1238 5017 1343 5073 lncert.
1355 5033 1385 5074 n.
1395 5015 1479 5074 Both.
1490 5013 1720 5089 lversusss-ss
1730 5013 1816 5070 babet

198 5102 299 5158 Athen.
318 5107 369 5171 ι4,
388 5119 418 5175 p.
442 5100 516 5170 663,
535 5101 573 5169 C,
596 5100 681 5155 allato
704 5097 830 5154 Alexidis
851 5097 936 5166 loco,
954 5098 984 5152 in
1032 5104 1135 5157 omisso
1151 5103 1267 5160 nomine
1276 5114 1369 5178 poetae
1387 5105 1461 5159 Eust
1477 5102 1513 5158 ad
1533 5102 1632 5176 Odyss.
1646 5101 1675 5171 5,
1686 5120 1715 5176 p.
1731 5099 1815 5169 1524,

196 5208 257 5262 quo
270 5190 402 5246 mulieres
411 5185 549 5265 προπόσεις
565 5185 661 5256 πίνειν,
673 5181 811 5255 λέπεσθαι,
821 5194 850 5241 et
864 5182 984 5258 passed·
1032 5187 1059 5245 θ.
1083 5193 1116 5248 V.
1144 5189 1180 5248 53
1207 5188 1276 5247 διύοι
1294 5192 1381 5251 Dind.
1404 5209 1459 5265 pro
1483 5186 1546 5249 ιθσι.
1569 5190 1714 5263 Aristoph.
1739 5194 1813 5261 apud

199 5278 250 5341 ζιιν
260 5277 412 5350 jubentur,
421 5277 480 5333 haec
491 5276 573 5333 addit
587 5295 594 5332 ι
610 5274 649 5353 τῷ
659 5268 686 5330 δὲ
699 5269 824 5329 λέπεσθαι
832 5272 949 5349 χρῶνται
961 5273 984 5329 οἱ
1032 5277 1178 5333 Pollucem
1191 5296 1219 5349 7,
1236 5285 1272 5346 ι4
1291 5298 1297 5326 =

202 5362 330 5432 Ἀθηναῖοι
351 5361 394 5421 lul
417 5364 541 5439 ἀσελγῶς
559 5362 605 5421 καὶ
626 5362 748 5443 φορτικῆς
773 5358 806 5417 δι’
827 5356 983 5438 ἀφροδισίων
1072 5384 1197 5466 βράκω,
1210 5385 1319 5462 popm,
1334 5384 1526 5458 gppw'sspm

201 5449 302 5519 ἡδονῆς.
322 5476 334 5500 ν
353 5455 388 5508 V.
409 5470 445 5525 19
459 5452 546 5510 codd.
562 5454 608 5509 AB
625 5449 771 5530 μειράκιον,
787 5449 875 5505 ceteri
888 5469 983 5526 μειρα-

199 5534 265 5595 κίου.
280 5538 409 5594 Correxit
419 5539 578 5614 Schweigh.
589 5542 622 5597 V.
635 5558 673 5595 so
685 5538 824 5595 Dobraens
836 5532 912 5592 πάντ’
927 5533 983 5592 ἔστ’

198 5622 279 5683 ἔνδον.
300 5630 331 5681 V.
353 5644 386 5681 αι
405 5627 507 5700 putida
524 5638 566 5683 est
586 5627 726 5697 librorum
750 5626 837 5682 lectio
866 5620 981 5698 μίμνησ’
1071 5623 1174 5704 χαίρει,
1190 5625 1394 5705 παίζομπηδᾷ,
1408 5626 1529 5697 decessi,

1031 5485 1134 5555 Versus
1148 5498 1185 5567 54
1202 5510 1231 5557 et
1246 5498 1282 5557 55
1297 5502 1338 5556 sic
1353 5498 1488 5558 exhibent
1498 5499 1565 5555 libri

200 5714 258 5786 (vel
273 5723 304 5767 ut
323 5713 372 5770 AB
393 5709 535 5787 μέμνησθ’)
558 5711 575 5769 ἃ
599 5710 683 5789 λύγοις
705 5710 814 5792 πρόσεχ’
828 5698 865 5775 οἷς
883 5709 981 5790 φράζω.
1071 5712 1156 5785 πίνει,
1171 5720 1278 5794 σκιρτᾷ,
1291 5713 1396 5791 λορδοῖ,
1413 5714 1513 5788 κεντεῖ,
1524 5710 1599 5789 βινοῖ.

178 5842 180 5845 ‘
198 5802 297 5858 scrib⁰
1031 5827 1160 5899 Quorum
1179 5838 1356 5901 postremum
1370 5827 1482 5881 seclusit
1499 5823 1636 5894 lleinek.;
1649 5840 1703 5898 ego
1721 5834 1813 5881 cetera

248 5902 374 5990 priuos
390 5900 424 5963 θ’)
440 5898 539 5988 λόγων
553 5895 675 5986 πρόσεχ’
694 5890 739 5971 θίς
755 5890 870 5987 φράζω·
1031 5932 1148 5988 quoque
1157 5918 1201 5971 τοῦ
1210 5912 1300 5991 λορδοῖ
1307 5914 1485 5990 glossemata.
1499 5912 1535 5969 V.
1546 5909 1583 5965 56
1591 5908 1687 5986 ἀγαναὶ
1698 5911 1809 5968 Jacobs

253 6066 731 6141 cantio‚sonitus‚strepit‚spirat;
1081 6089 1210 6161 pyram,
1224 6086 1302 6144 finds,

251 6168 279 6217 et
291 6160 371 6217 casiae
385 6166 499 6216 exterra
514 6156 619 6213 marina
631 6154 709 6229 Syria
720 6152 839 6213 advectae
1081 6175 1155 6232 121ss
1165 6174 1264 6232 domos
1277 6172 1378 6231 nebula
1388 6171 1473 6245 tegit,

251 6249 307 6306 filia
321 6255 414 6305 saneta
426 6261 507 6305 naret
520 6252 649 6318 quami,
1084 6262 1209 6318 omnium
1221 6258 1408 6331 jucundorum
1422 6258 1512 6333 plene.

198 6343 233 6393 σο
251 6331 792 6408 Ιίθοιιοῑίιίίσ.ιιιοιὶ,ιιιγιι1ιιο,σο1αιιιὶ,
1001 6304 1006 6397 ί
