4084 8009
275 1533 331 1582 280
778 1525 983 1585 COMOEDIAE
1005 1525 1168 1589 vntuuts
1188 1529 1397 1603 RELIQUIAE.

272 1654 524 1729 λοῦσι,“ύάλλουσιν,
544 1658 579 1721 ὡς
601 1657 645 1714 καὶ
672 1656 825 1735 Χρύσιππος
843 1658 921 1734 (sic)
948 1655 1057 1715 ι’Λλλδι
1105 1661 1278 1735 llddequod
1289 1659 1515 1738 ΠρέσόειςέῖιπυΙ
1532 1682 1597 1718 cum
1613 1660 1892 1740 Vespishristopha-

274 1744 353 1822 δᾷδας
377 1741 522 1819 ἡμμένας*
543 1766 593 1819 μου
619 1745 684 1802 δότω
706 1768 743 1810 τις
766 1744 882 1814 ἔνδοθεν,
905 1743 950 1801 καλ
968 1742 1058 1822 κόρους
1103 1750 1146 1804 nis
1166 1750 1263 1805 docuit
1277 1751 1385 1825 olymp.
1401 1749 1451 1823 89,
1467 1770 1484 1805 2
1505 1749 1590 1825 (ante
1608 1752 1675 1809 Chr.
1696 1763 1756 1810 nat.
1776 1755 1851 1827 tae)
1865 1768 1891 1808 et

272 1829 397 1896 πλεκτοὺς
411 1831 425 1860 ⁴¹
446 1831 586 1909 ἀκραπνεῖς
596 1830 729 1911 μυρρίνης.
747 1835 840 1904 »Quae
855 1833 1059 1907 depravatiora

273 1922 355 1976 etiam
372 1922 401 1974 in
415 1923 507 1994 Etym.
522 1922 597 1979 Gud.
610 1941 642 1996 p.
658 1921 726 1991 338,
743 1918 789 1980 15.
802 1923 888 1977 hlein.
902 1921 1059 1978 secundum

275 2010 432 2065 Ilemsterh.
448 2010 484 2065 ad
497 2011 609 2065 Plutum
621 2030 648 2067 v.
667 2008 751 2084 1195,
769 2011 842 2085 ἡμμ.
857 2009 916 2086 ἐμοὶ
932 2010 956 2067 δ.
970 2032 1010 2075 τις

273 2097 421 2174 ἀκραιφνεῖς
438 2118 466 2170 μ.
481 2097 643 2153 scribamus

220 2243 222 2247 ⁴
322 2206 410 2277 Λλλδι
428 2202 525 2297 δᾷδας
540 2213 679 2303 ἡμμένας
700 2236 759 2277 που
777 2235 828 2300 μοι
852 2203 935 2276 δότω
953 2236 999 2286 τις
1013 2212 1058 2276 ἕν·

952 2308 1036 2383 δούεν
1048 2366 1058 2402 ,

321 2421 371 2489 καὶ
385 2421 487 2517 κόρους
501 2425 650 2503 πλεκτοὺς
669 2424 838 2518 ἀκραιφνεῖς
859 2423 1008 2517 μυρρίνης.

273 2550 448 2630 Ἀκραιρνεῖς,
467 2554 485 2608 i.
499 2572 526 2610 e.
552 2550 704 2628 ἀκεραίους,
727 2559 861 2628 integrm,
878 2553 999 2622 virides,
1014 2571 1059 2608 re·

271 2652 373 2697 centes.
393 2637 541 2717 ’Λκεραίους
565 2643 668 2696 milites
693 2660 753 2696 non
772 2642 903 2716 fatigatos
921 2642 965 2696 vel
990 2659 1058 2696 sau-

273 2731 333 2784 cios
342 2729 414 2787 dixit
424 2729 590 2803 Xenophon
603 2728 695 2784 Anah.
710 2729 740 2798 6,
753 2728 784 2800 5,
796 2750 826 2804 9.
841 2726 995 2807 Χρύσιππος
1005 2747 1059 2803 per

271 2836 397 2872 errorem
413 2836 467 2892 pro
483 2813 620 2880 Λύσιππος
641 2818 777 2890 seriptum
797 2814 910 2892 putavit
923 2817 1058 2886 Meliteia

273 2906 431 2965 Ilemsterh.
446 2914 541 2961 autem
564 2905 585 2961 l.
604 2906 622 2957 I.
644 2916 672 2960 et
687 2907 830 2961 Porsonus
844 2906 916 2965 Adv.
938 2924 969 2980 p.
986 2905 1057 2981 267,

272 2992 307 3047 dc
323 2993 467 3050 Strattidis
478 2986 640 3068 Chrysippo
652 2994 858 3068 cogitaverunt.

651 3109 681 3169 l.

311 3215 439 3289 hesych„
453 3212 560 3278 Βούδιος
574 3212 624 3289 (i)
643 3231 653 3272 t
671 3211 745 3292 παρδι
768 3212 900 3294 Λυσίππῳ
914 3212 943 3271 τὸ
964 3211 1058 3289 ὄνομα,

272 3325 284 3349 ν
301 3299 378 3359 Κύων
393 3302 421 3359 δέ
439 3324 477 3365 τις
494 3299 558 3358 etde
579 3297 713 3376 δεδεμένος
731 3298 821 3378 ὥσπερ
842 3300 960 3365 Βούδιος.
978 3326 991 3352 ιι
1006 3299 1059 3360 Σέ-

271 3388 361 3453 λευκος
375 3389 532 3445 ἀποδίδωσιν
556 3386 657 3468 ἀρρων,
678 3386 797 3457 α’νόητος.
812 3390 912 3445 Deleto
924 3386 964 3453 τίς
981 3409 1055 3464 pro-

272 3478 386 3533 nomine
399 3478 597 3551 glossematico
606 3478 784 3535 restituamus
794 3479 932 3535 senarium
943 3479 982 3535 ita
991 3480 1059 3535 seri-

273 3565 371 3619 hentes

321 3682 405 3743 Κύων
421 3673 450 3744 δ’
470 3672 540 3744 ἐύόα
559 3672 718 3770 δεδεμένος
734 3682 831 3772 ὥσπερ
846 3671 982 3755 Βούδιος.

271 3809 464 3882 Suspicionem
484 3820 579 3865 autern
592 3820 690 3865 movet
708 3809 866 3865 inauditum
884 3811 939 3865 riri
952 3828 1059 3865 nomen

273 3894 386 3961 Βούδιος.
409 3897 553 3975 AEschylus
575 3898 648 3955 Cho.
668 3897 742 3970 619,
763 3898 850 3953 habet
874 3895 1056 3974 βουλιώτερον,

170 3977 176 3984 “
270 4004 323 4040 nec
344 4003 410 4041 rara
430 3988 508 4043 esth
529 3997 558 4041 et
580 3986 766 4042 Aliterarum
785 3986 916 4041 conlusio
937 3997 1058 4061 :potest

272 4072 368 4145 igitur,
380 4083 411 4128 ut
420 4084 505 4148 poeta
515 4074 617 4131 dixerit
631 4068 749 4149 Βούλιος,
759 4074 839 4146 quod
850 4075 952 4148 placet.
1033 4082 1035 4087 '

647 4188 675 4245 5,
753 4224 756 4229 .

312 4299 427 4355 Photius
453 4320 482 4375 p.
503 4301 577 4375 498,
604 4301 638 4372 3,
665 4299 713 4358 Σύ
722 4321 809 4375 μακα
836 4320 843 4353 t
869 4296 1057 4375 Ἐρατοσθένης

271 4385 391 4443 ἀπέδωκε
404 4386 447 4444 τόν
463 4386 573 4467 φορμόν.
591 4386 697 4464 άμεινον
709 4386 737 4444 δὲ
749 4386 794 4444 τὸν
808 4384 908 4453 τοξικόν
923 4386 1054 4463 κάλαμον.

271 4472 351 4539 ούτως
366 4473 433 4534 Λύσ.
449 4478 493 4538 Cf.
511 4479 615 4537 Chion.
632 4478 776 4535 Heroibus
790 4476 825 4537 fr.
843 4496 867 4533 1.

608 4653 717 4712 XXIII.

563 4803 758 4870 LEUCON.

314 4986 326 5009 ιι
342 4960 442 5017 Suidas
458 4982 464 5017 :
481 4960 591 5021 Λεύκων
604 4962 619 4992 ⁴
634 4960 744 5039 ’Λγνὼς,
765 4958 876 5037 γεγονὼς
891 4961 917 5016 ἐν
935 4961 987 5023 τοῖς
1000 4960 1056 5016 Πε-

271 5050 495 5119 λοποννησιακοῖς.
521 5053 573 5108 τῶν
600 5048 742 5128 δραμάτων
768 5050 847 5106 αὐτοῦ
873 5050 929 5106 ἔστι
959 5050 1055 5121 ταῦτα,

271 5132 358 5207 Ὀνος,
381 5135 550 5217 Ἀσκορόρος,
577 5137 723 5216 Φράτορες.
751 5140 792 5196 Ita
814 5138 871 5196 Ms.
891 5137 981 5194 Paris.
1003 5153 1056 5209 pro

271 5221 367 5300 Ἁγιὸς,
393 5226 472 5299 quod
496 5229 581 5284 habet
604 5228 732 5286 Eudocia
754 5247 788 5302 p.
811 5229 880 5283 282.
903 5226 1057 5299 Corrigunt

271 5309 415 5388 ’Λγνούσιος
440 5314 491 5390 (Id
511 5317 615 5389 legitur
634 5316 712 5389 apud
730 5316 965 5386 Demosthenem,
990 5314 1056 5368 Plu-

270 5404 398 5457 tarchum
431 5405 514 5462 Thes.
558 5405 604 5462 13.
643 5400 750 5478 Both.)
780 5405 914 5458 Praestare
941 5401 1056 5456 ridetur

270 5485 408 5564 Ἅγνωνος,
416 5494 560 5564 Hagnonis
572 5492 690 5567 (dequo
703 5492 793 5548 Thuc.
805 5491 902 5547 etalii.
913 5489 1008 5555 Both.)
1017 5490 1056 5558 fi-

271 5582 339 5651 Ιῖιω,
356 5590 388 5633 ut
402 5581 494 5636 voluit
511 5582 638 5655 Toripius
651 5580 771 5638 Emend.
788 5599 814 5649 1,
835 5599 865 5654 p.
882 5579 949 5636 382.
962 5581 1052 5634 Recte

272 5653 517 5741 Suidastempore
531 5669 599 5723 belli
613 5669 849 5742 Peloponnesiaci
870 5686 936 5723 eum
958 5668 1055 5722 vixisse

273 5752 327 5820 ait,
344 5755 393 5825 qui
410 5755 594 5813 hlelanlbium
608 5755 700 5811 rideat
711 5776 756 5831 ap.
771 5758 873 5814 Athen.
888 5756 917 5824 8,
933 5775 964 5829 p.
984 5753 1054 5823 343,

272 5838 309 5907 C,
327 5851 355 5894 et
374 5842 566 5916 Hyperbolum
589 5844 667 5919 apud
688 5845 860 5917 Hesychium
883 5861 910 5899 r.
934 5838 1053 5904 Πάαπις.

646 6019 673 6068 4.

272 6103 324 6159 Sed
336 6102 407 6158 iaces
422 6114 549 6157 accensas
564 6101 664 6173 ahquis
677 6100 742 6157 dato
753 6100 819 6156 mibi
830 6099 929 6166 domo,

273 6198 299 6243 et
314 6204 403 6244 mmos
415 6186 507 6259 plexos
521 6186 620 6242 virides
632 6188 723 6259 myrti

647 6281 674 6328 4.

272 6363 353 6418 Canis
364 6368 453 6417 autem
469 6361 576 6415 latravit
589 6361 712 6424 euictus,
726 6369 757 6416 ut
778 6359 881 6416 BudIus
893 6363 902 6423 t
915 6361 940 6421 Ρ)

1103 1856 1179 1894 anno
1193 1851 1260 1912 post
1273 1836 1414 1917 Φράτεριις
1433 1858 1498 1894 cum
1516 1841 1589 1896 Pace
1602 1850 1632 1896 et
1648 1841 1800 1915 Eupolidis
1812 1843 1891 1898 Adu-

1103 1927 1256 1999 latoribus‚
1270 1928 1301 1982 in
1313 1939 1438 2001 unoque
1449 1929 1603 1984 certamine
1613 1929 1712 1983 tertius
1722 1929 1848 2000 babitus,
1861 1943 1891 1986 ut

1104 2024 1240 2070 constate
1256 2014 1417 2071 didascaliis
1432 2015 1593 2071 dramatum
1603 2016 1889 2092 Aristophaneomm.

1104 2103 1235 2158 Ceterum
1246 2104 1306 2159 haec
1318 2105 1460 2161 Leuconis
1478 2102 1573 2159 fabula
1591 2105 1677 2159 etiam
1696 2105 1726 2159 in
1738 2102 1890 2163 didascalia

1104 2192 1184 2246 Pacis
1194 2202 1314 2248 vocatur
1323 2180 1472 2270 Φράτορες,
1485 2209 1606 2265 quaque
1615 2190 1652 2248 de
1661 2192 1718 2248 boc
1728 2191 1892 2249 discrimine

1104 2280 1189 2335 allata
1210 2281 1331 2335 suntab
1356 2280 1490 2348 eruditis,
1506 2297 1541 2336 eo
1560 2278 1703 2356 redeunt,
1727 2291 1762 2336 ut
1783 2279 1891 2360 ρράτωρ

1103 2369 1207 2425 Ionum
1218 2368 1310 2425 sonna
1322 2368 1507 2425 existhnanda
1524 2369 1577 2444 sit',
1591 2365 1693 2447 φράτηρ
1708 2379 1804 2425 autem
1822 2373 1893 2427 Atti-

1104 2475 1215 2513 corum.
1232 2458 1381 2513 Philemon
1391 2477 1422 2532 p.
1442 2475 1497 2513 112
1519 2457 1566 2514 ed.
1580 2458 1666 2514 Burn.
1683 2476 1690 2512 :
1707 2455 1773 2515 οἱδὶ
1785 2457 1892 2536 ἀρχαῖοι

1104 2541 1337 2623 ρράτεραςδιά
1351 2548 1399 2602 τοῦ
1421 2565 1443 2617 ε,
1462 2535 1501 2615 οὗ,
1523 2541 1614 2623 φασὶν,
1635 2543 1721 2601 εύδιῖα
1742 2541 1889 2623 φράτηρ.

1105 2631 1211 2711 φέρεται
1221 2631 1250 2691 δὲ
1266 2634 1376 2710 (minus
1385 2635 1459 2690 bene
1472 2634 1540 2689 libri
1552 2631 1597 2689 καλ
1609 2651 1707 2689 errore
1718 2629 1892 2707 frequentis-

1103 2725 1191 2793 simo,
1205 2723 1242 2779 de
1255 2742 1314 2796 quo
1324 2743 1354 2778 v.
1371 2723 1501 2780 Schaefer.
1523 2722 1618 2777 Melet.
1639 2722 1704 2779 erit.
1719 2741 1752 2796 p.
1771 2720 1839 2796 59),
1851 2720 1890 2776 ότι

1104 2809 1237 2888 φράτηρ
1255 2809 1367 2869 ’Λττικοί
1385 2832 1464 2891 φασιν
1476 2854 1485 2881 ,
1499 2808 1588 2873 Ἰωνις
1606 2805 1635 2865 δά
1654 2805 1698 2865 διδ
1711 2811 1796 2866 παύω
1808 2810 1889 2885 μεγά-

1103 2898 1162 2956 λου.
1171 2900 1208 2958 Et
1216 2901 1393 2958 Tbeodosius
1402 2901 1479 2975 apud
1489 2899 1648 2956 Bellerum
1657 2898 1769 2957 Anecd.
1777 2916 1888 2974 p.992:

1103 2988 1156 3044 τῶν
1171 2989 1208 3054 είς
1229 3009 1264 3066 ηρ
1280 2988 1430 3067 βαρυτόνων
1447 2985 1496 3045 ὅσα
1518 2985 1567 3062 μὲν
1587 2993 1678 3065 μεικρᾶ1
1692 2984 1891 3061 παραλήγεται,

1104 3073 1200 3134 διδτοῦ
1215 3076 1365 3148 εκλίντται,
1378 3075 1505 3156 ρράτερ
1515 3096 1564 3148 ος,
1578 3072 1714 3151 Πίερος,
1728 3074 1779 3131 ὅσα
1791 3072 1820 3131 δὲ
1831 3076 1891 3152 βρα-

1103 3164 1164 3245 χείᾳ
1173 3163 1366 3243 παραλήγεται,
1381 3162 1424 3222 διδ
1437 3164 1467 3221 τὸ
1477 3185 1495 3233 η
1504 3161 1630 3233 κλίνεται,
1639 3155 1715 3231 ’16η
1725 3182 1791 3240 ρος,
1803 3162 1890 3239 έρίη·

1105 3275 1170 3331 ρος.
1182 3254 1326 3312 Vetustior
1337 3264 1432 3311 autem
1442 3250 1532 3306 forma
1542 3251 1620 3325 apud
1636 3252 1748 3307 Atticos
1767 3252 1888 3324 scripto·

1103 3361 1147 3397 res
1158 3343 1327 3416 plerumque
1336 3341 1451 3396 ridetur
1464 3335 1626 3395 oblitterata
1636 3357 1706 3409 esse,
1716 3349 1773 3394 ete.
1782 3363 1795 3387 ι
1808 3340 1834 3393 E
1843 3339 1886 3397 Μ,

1104 3430 1174 3487 lust.
1188 3430 1250 3487 erit.
1261 3431 1342 3487 Com.
1352 3449 1384 3504 p.
1399 3446 1455 3498 217
1473 3445 1544 3501 seq..
1558 3438 1587 3484 et
1601 3426 1702 3503 Bergk
1713 3423 1887 3482 Commeutt.

1103 3537 1133 3593 p.
1152 3537 1206 3588 ¹07
1219 3537 1276 3592 seq.

1387 3644 1601 3706 ΦΡΛΤΕΡΕΣ

1483 3797 1507 3836 1.

1143 3908 1264 3983 Hesych.
1277 3905 1289 3929 '¹
1302 3904 1418 3974 Παάπης
1434 3926 1440 3960 ;
1457 3893 1529 3985 obeo<
1546 3900 1660 3980 ποτήριά
1672 3921 1732 3959 τινα
1745 3899 1801 3967 τοῖς
1816 3897 1891 3970 Ἀθη-

1103 3995 1183 4061 ναίοις
1203 3995 1305 4075 ἔπεμψε
1325 3996 1408 4073 δῶρα.
1433 3992 1541 4052 Λεύκων
1566 3990 1718 4070 Φράτερσιν
1737 4016 1751 4041 ι
1773 3987 1855 4068 ’Λτάρ
1876 3993 1889 4044 ό

1102 4085 1114 4107 ¹
1121 4084 1272 4161 Μεγάκλεες
1279 4080 1392 4140 ύσθάτου
1402 4075 1706 4162 ΠαάπνδοςὙπίρύολος
1714 4075 1883 4153 adsultante

1103 4172 1285 4243 κατεδήδοκεν.
1301 4196 1314 4223 ι
1326 4174 1369 4228 Ita
1383 4170 1476 4227 codex
1485 4168 1637 4240 mendose;
1649 4167 1699 4225 sed
1711 4168 1889 4244 iupa-emptu

1102 4274 1144 4322 est
1157 4263 1318 4321 emendatio

1153 4375 1245 4471 Λτδιρ,
1259 4384 1275 4444 ό
1291 4377 1470 4470 Μεγακλέης
1487 4369 1630 4477 (οἶσθα),
1647 4380 1703 4437 τοῦ
1728 4362 1887 4444 Παάπιδος

1042 4510 1046 4521 “
1152 4483 1320 4581 λ”πέρόολος
1340 4486 1535 4576 τάκπώματα
1549 4472 1766 4555 κατεδήδοκεν.

1104 4614 1137 4676 Ὁ
1154 4611 1311 4686 Μεγακλέης
1332 4615 1474 4687 eleganter
1490 4610 1599 4666 dictum
1619 4620 1660 4664 est
1671 4626 1726 4683 pro
1747 4594 1771 4663 ὦ
1794 4605 1886 4684 hirpi-

1104 4706 1190 4774 κλεες,
1204 4703 1283 4778 quod
1301 4703 1361 4756 aliis
1375 4701 1484 4775 placuit
1500 4718 1507 4753 :
1521 4697 1663 4754 v.hlattl1.
1680 4696 1732 4753 Gr.
1746 4694 1764 4769 §
1778 4695 1847 4765 312,
1861 4715 1885 4753 r.

1104 4783 1191 4852 Οἶσθα
1202 4810 1254 4866 per
1263 4790 1455 4866 parenthesin,
1466 4798 1499 4842 ut
1507 4775 1717 4860 οἷδαΛεὶεῑορλι.
1725 4784 1804 4844 nuh.
1817 4783 1885 4851 835,

1103 4885 1258 4957 saepiusque
1282 4878 1359 4953 apud
1378 4871 1565 4952 Sophoclem
1589 4875 1719 4929 similiter
1736 4874 1823 4928 etiam
1842 4872 1886 4927 ΛΞ·

1094 4973 1216 5044 ‘schylus
1229 4967 1327 5024 Prom.
1342 4967 1399 5022 286
1414 4985 1421 5020 τ
1437 4965 1494 5028 ταῖς
1509 4968 1567 5026 σαῖς
1580 4959 1607 5018 δὲ
1622 4958 1715 5038 τύχαις
1728 4957 1802 5037 (teor
1813 4958 1888 5034 λσυν·

1103 5059 1186 5135 αλγῶ.
1206 5086 1216 5106 ν
1233 5061 1275 5114 Dc
1292 5054 1419 5129 Paapide
1440 5052 1587 5127 AEsgyptim
1603 5051 1653 5124 qui
1670 5047 1888 5105 Atheniensibus

1102 5149 1206 5222 pocula
1217 5148 1265 5201 illa
1278 5147 1400 5220 pretiosa
1410 5143 1515 5197 misisse
1530 5139 1653 5209 dicitur,
1664 5148 1803 5213 praeterea
1817 5135 1884 5190 nihil

1104 5247 1223 5292 constat.
1238 5236 1348 5292 Nomen
1356 5231 1501 5307 ,AEgyptiis
1513 5229 1656 5284 usitatum.
1673 5225 1817 5300 Diogenes
1832 5226 1886 5278 Λιν-

1104 5328 1197 5380 tonius
1218 5323 1314 5380 Photii
1332 5321 1406 5378 Bibl.
1437 5317 1503 5392 166,
1516 5336 1546 5391 p.
1572 5310 1776 5389 109:ssadme
1794 5311 1886 5388 (Ilae-

1103 5412 1159 5487 πίς)
1173 5435 1226 5480 τις,
1238 5409 1320 5488 ἱερεύς
1338 5406 1487 5484 Λῖγύπτιος.
1500 5430 1512 5455 ν
1526 5405 1606 5461 ΕΜ.

1478 5556 1506 5591 2.

1143 5662 1242 5718 Athen.
1256 5661 1286 5728 8,
1301 5677 1330 5732 p.
1349 5656 1452 5728 343,c
1469 5676 1475 5711 :
1498 5654 1658 5728 κωμῳδοῦσι
1674 5650 1697 5709 δ’
1719 5648 1798 5708 αὐτὸν
1814 5649 1888 5724 (tte-

1103 5747 1256 5822 Ianthium)
1272 5747 1312 5802 ἐπ’
1328 5742 1458 5823 ὀψοφαγία
1474 5741 1582 5800 Λεύκων
1598 5740 1625 5796 ἐν
1640 5736 1803 5818 Φράτερσιν,
1820 5734 1887 5814 Ἀρι·

1104 5835 1231 5915 στοράνης
1243 5836 1269 5891 ἒν
1283 5833 1396 5912 Εἰρήνῃ,
1411 5828 1585 5917 Φερεκράτης
1597 5830 1625 5886 ἐν
1638 5825 1749 5905 Πετάλῃ
1764 5826 1816 5903 (ir.
1829 5823 1873 5902 3).

1381 6032 1609 6091 PIIRATORFS.

1487 6130 1495 6176 Ι

1105 6223 1152 6281 ut,
1167 6213 1330 6285 ollegaoles
1345 6211 1463 6278 (nosti).
1479 6206 1603 6281 t‘aapidis

1076 6257 1079 6397 i
1103 6303 1200 6378 poeula
1213 6300 1386 6375 Hyperbolus
1397 6296 1516 6354 eomedit
1527 6303 1536 6362 t
1547 6296 1565 6350 i.
1579 6311 1603 6350 e.
1620 6295 1782 6349 interverti!
1794 6297 1812 6356 ).
