4084 8009
229 1510 265 1559 to
705 1496 927 1556 'COMOEDIAE
951 1500 1114 1560 teletus
1137 1501 1343 1576 [tettQutAE.

221 1631 311 1700 illum,
338 1633 417 1704 prius
442 1630 613 1704 appellatum
637 1631 813 1688 Eschatiotis.
840 1634 932 1704 Etym.
962 1635 1000 1689 tt.
1025 1647 1030 1677 t
1052 1632 1165 1691 οικεσίσυ
1184 1639 1229 1692 τοῦ
1261 1634 1307 1691 olii
1322 1635 1393 1712 αὐτῷ
1415 1634 1510 1706 θέλειν,
1537 1634 1581 1691 καὶ
1604 1633 1743 1701 κακώσεως
1764 1635 1843 1715 αὐτῷ

220 1742 250 1796 μ.
271 1722 338 1790 384,
354 1720 400 1787 38,
423 1717 595 1795 Ἐσχατιῶτις
612 1739 617 1773 ;
642 1717 721 1793 λίμνη
741 1718 848 1792 κειμένη
872 1717 939 1794 μετὰ
960 1719 1003 1775 τὸν
1050 1721 1125 1791 δίκην
1141 1722 1292 1801 λαγχάνειν·
1306 1722 1393 1802 φίλους
1406 1721 1433 1779 δέ
1445 1722 1631 1800 περιτυχόντας
1642 1728 1689 1781 τοῦ
1700 1724 1838 1803 Κρατίνου

221 1808 371 1884 ’ίσθμόν....
388 1804 535 1885 ὕστερονδὲ
552 1808 687 1883 Γοργῶπις
698 1805 796 1877 ἐκλήθη
817 1807 870 1864 ἀπὸ
890 1807 1002 1884 Γόργης,
1052 1809 1150 1867 δεῖσθαι
1167 1810 1247 1887 μηδὲν
1262 1809 1388 1890 προπετές
1399 1814 1528 1888 ποιῆσαι,
1543 1811 1650 1881 καὶτῆς
1669 1809 1762 1890 ἔχθρας
1774 1813 1840 1869 σίνε·

220 1900 267 1967 τῆς
275 1893 420 1973 Μεγαρέως
427 1892 563 1971 θυγατρὸς,
573 1892 692 1971 γυναικὸς
700 1893 836 1972 Κορίνθου,
849 1893 915 1965 ἥτις,
925 1895 1004 1952 ἀκού·

218 2008 289 2044 σασα
302 1983 346 2042 τθν
358 1985 410 2041 τῶν
420 1982 520 2040 παίδων
536 1980 620 2061 μόνον,
629 1980 772 2058 περιαλγὴς
787 1982 913 2059 γενομένη
929 1983 997 2061 ίρρι·

217 2077 266 2152 'hev
290 2069 385 2141 ἑαυτὴν
400 2072 435 2136 είς
459 2069 506 2138 τὴν
521 2070 626 2144 λίμνην.
649 2073 799 2145 AEschylus
823 2076 877 2145 Ag.
903 2073 999 2138 314.»

218 2168 243 2219 E
257 2166 299 2222 M.
315 2163 358 2222 Cl.
375 2162 484 2218 Ernesti
502 2162 591 2216 Curtii
608 2160 716 2234 disput.
734 2162 869 2234 inscripta
883 2163 937 2216 Die
948 2164 1002 2216 Pe·

215 2271 278 2307 rcea
294 2246 339 2328 (rb
351 2246 491 2324 Πείραιον)
503 2266 558 2302 von
572 2246 687 2302 Corinth
699 2248 758 2301 und
767 2249 814 2302 die
825 2248 1001 2315 Eschatiotis,

216 2341 246 2393 in
259 2340 356 2393 Museo
371 2336 463 2391 Rheu.
477 2353 503 2392 a.
525 2333 610 2403 1845,
625 2336 682 2389 rol.
694 2353 722 2389 a.

589 2466 634 2503 12.

1052 1906 1136 1975 ρωτᾶν
1159 1895 1207 1969 τὴν
1229 1900 1329 1956 αἰτίαν·
1350 1899 1398 1969 τὴν
1415 1900 1441 1956 δέ
1465 1897 1614 1977 μέμφεσθαι
1632 1900 1722 1979 αὐτῷ,
1740 1899 1780 1957 ὅτι
1795 1899 1840 1976 μὴ

1050 1986 1190 2065 κωμιμδοίη
1206 1986 1317 2062 μηκέτι,
1334 1987 1456 2065 σχολάζοι
1469 1986 1496 2044 δὲ
1508 1991 1541 2065 τῇ
1552 1985 1639 2065 Μέθῃ.
1652 1987 1725 2045 οὐδέν
1738 1986 1766 2046 δέ
1779 1988 1841 2067 χεῖ·

1052 2096 1094 2152 ρον
1106 2075 1269 2151 πολυμαθίας
1283 2076 1367 2133 ἕνεκεν
1380 2075 1447 2133 αὐτὰ
1464 2074 1497 2132 τὰ
1512 2075 1647 2145 ἐπιτήδεια
1664 2078 1716 2133 τῶν
1728 2074 1841 2151 ίάμὸων

1051 2161 1189 2229 ἐκλέξαντα
1202 2163 1283 2221 θεῖναι
1298 2167 1396 2220 ταῦτα·

1100 2275 1173 2343 itti
1188 2278 1390 2372 ε’πανατρέψαι
1409 2274 1569 2370 ’ἕουλόμην
1583 2279 1624 2355 εἰς
1637 2281 1689 2345 τὸν
1706 2280 1810 2374 λόγον,

1099 2387 1223 2478 πότερον
1237 2390 1355 2472 ἐκεῖνος,
1370 2386 1441 2478 πρὸς
1456 2388 1557 2479 ἑτέραν
1571 2393 1687 2479 γυναῖκ’
1703 2389 1783 2477 ἔχων

1098 2493 1151 2556 τὸν
1166 2503 1242 2578 νοῦν,
1254 2502 1352 2570 κακῶς
1364 2492 1441 2558 εἴποι
1453 2519 1483 2557 τι
1495 2495 1565 2586 πρὸς
1579 2496 1681 2585 ἑτέραν
1701 2497 1747 2585 ἔμ’
1761 2495 1839 2561 ἀλλ’

256 2556 1000 2639 PhotiusLex.p.56‚ro,Ztonripoosilesia:
1106 2598 1119 2619 α
1202 2601 1271 2640 ιρι
1315 2611 1327 2621 .
1421 2600 1435 2619 ι
1497 2591 1532 2664 δ,
1721 2593 1740 2665 δ
1795 2607 1812 2621 .

218 2653 272 2731 Κρ.
290 2652 317 2708 ἕν
333 2651 370 2710 Π.
393 2650 485 2707 τοῦτόν
505 2670 571 2728 φησι
592 2647 750 2725 Θεόπομπος
765 2651 791 2707 έν
810 2649 934 2728 τῇόγδάῃ
951 2654 1002 2707 τῶν
1098 2624 1163 2729 αλια,
1176 2625 1480 2730 μενΙΛΥῩζίαξήαμα
1518 2626 1599 2730 εΙμω
1618 2600 1706 2692 piet<
1742 2625 1809 2667 ow

216 2739 277 2818 περὶ
288 2737 443 2814 Φίλιππον,
462 2737 570 2816 Πέρσην
582 2735 660 2807 ὄντα,
674 2736 725 2794 ὑπὸ
737 2735 883 2817 φιλοτιμίας
897 2740 1003 2817 χαριζό·
1099 2700 1184 2774 ωδεν
1199 2734 1324 2774 mm?
1343 2733 1425 2793 α’)τῳ
1440 2732 1474 2801 ΥΕ
1486 2733 1638 2800 πὲοῗῑίον·

217 2848 294 2902 istit>t
316 2826 420 2904 βασιλεῖ
435 2827 603 2900 μαθῖῑίῶσῑῑ
617 2823 725 2897 ἑαυτὸν,
745 2825 790 2882 ”fil
811 2830 857 2896 ῖῆς
876 2827 943 2904 ῥινὸς
959 2829 1003 2885 καὶ
1051 2841 1130 2895 Libri
1139 2838 1348 2918 ἐπαναστρέψαι,
1359 2840 1519 2896 emendavit
1532 2838 1687 2911 Bentlejus;
1704 2851 1763 2895 tum
1775 2839 1843 2916 βοά·

216 2917 269 2972 τῶν
280 2912 355 2971 ὤτων
371 2911 588 2991 ἀποστερήσαντα
597 2912 725 2975 -ιίσιλθεῖν
736 2913 772 2978 είς
788 2912 946 2987 Βαθυλῶνα,
958 2915 1003 2973 καί
1050 2926 1129 3000 λλμαν
1144 2928 1240 2984 hiante
1260 2948 1355 2985 versu,
1376 2929 1447 2986 cod,
1465 2929 1543 2985 Flor.
1560 2926 1724 3004 βουλόμενος,
1746 2930 1842 2984 Γήη.

215 3001 384 3059 πιστευθέντα
396 2999 439 3058 διὰ
455 3000 552 3071 ταύτην
565 2998 612 3069 τὴν
624 2998 769 3078 κακουχίαν
781 3000 943 3059 καταλαὸεῖν
953 3003 1000 3073 τὴν
1052 3017 1145 3071 sebius
1160 3013 1266 3092 βούλομ’
1277 3013 1363 3079 είςτθν
1377 3019 1421 3071 νῦν
1438 3012 1524 3090 λόγον.
1542 3019 1575 3072 V.
1587 3034 1604 3069 a
1619 3016 1685 3070 libri
1698 3012 1841 3093 πρότερον,

215 3091 291 3149 mitt
313 3089 407 3166 (⁰⁰¹¹f·
431 3090 573 3147 Ηθΐθᾶθῑ·
588 3090 617 3160 3,
642 3088 707 3159 ¹532
725 3090 762 3147 ³¹·
772 3089 793 3163 l
811 3089 841 3144 ἐκ
855 3098 1004 3168 μεταφορᾶς
1051 3105 1185 3159 omissum
1197 3106 1225 3158 in
1238 3107 1336 3160 Venet.
1349 3107 1383 3161 V.
1403 3103 1418 3158 3
1432 3121 1495 3176 sqq.
1513 3103 1578 3157 libri
1591 3101 1674 3166 κακὰς
1688 3100 1756 3159 είποι
1769 3103 1841 3180 πρὸς

214 3167 259 3235 οὖν
273 3167 330 3235 elna
352 3174 497 3234 τάλαντα
519 3176 574 3234 καὶ
588 3176 687 3252 ζυγὰ,
709 3175 786 3234 οίονεί
800 3174 863 3254 ἔργα
878 3176 923 3233 καί
934 3176 1004 3256 πρά·
1051 3187 1150 3267 mpu-
1159 3191 1216 3247 ἀλλ’
1226 3188 1282 3265 ἅμα
1293 3213 1322 3264 μ,
1334 3189 1409 3266 gap„
1418 3188 1445 3248 ἅ,
1454 3190 1482 3246 δέ
1493 3210 1538 3265 μοι
1547 3188 1742 3247 δωαῖοῡδέποθ
1756 3190 1842 3249 αὐτοῦ

216 3263 275 3331 itte.
296 3266 486 3340 TaulOlOgum
509 3262 626 3320 sitaiva
648 3262 693 3320 ml
717 3261 782 3338 ζυγὰ
802 3267 1004 3338 grssmfflallfflss
1051 3278 1192 3355 πρότερον,
1209 3297 1272 3353 quae
1292 3281 1356 3335 vide
1371 3298 1407 3334 an
1422 3279 1612 3353 probabiliter
1631 3279 1839 3354 expediverim.

215 3354 300 3408 simili
323 3352 467 3427 explicare
488 3352 602 3407 videtur
622 3347 686 3428 ἔργα
711 3348 756 3406 καὶ
780 3346 894 3425 πράξεις.
916 3352 1005 3407 Addit

215 3443 302 3500 hlein.
321 3461 328 3496 ι
350 3464 363 3490 α
380 3441 459 3496 Idem
472 3441 659 3515 proverbium
674 3458 709 3495 ex
724 3440 832 3496 Cratini
851 3441 942 3513 Pylaea
953 3441 1003 3494 ha·

215 3532 265 3588 bet
280 3532 436 3605 Hesychius
445 3549 466 3585 s.
478 3549 505 3587 v.
517 3526 646 3608 Ζωπύρου
659 3525 785 3599 τάλαντα,
796 3540 824 3584 et
836 3529 922 3584 tacito
935 3527 1002 3585 Cra·

215 3620 267 3674 tini
277 3621 393 3674 nomine
404 3618 505 3674 Suidas
516 3628 544 3673 ct
555 3617 698 3672 Zenobius
711 3622 739 3686 4,
753 3635 782 3689 9.
798 3617 854 3672 Sed
865 3617 923 3671 rim
935 3636 1003 3691 pro·

215 3708 307 3762 rerbii
320 3725 378 3761 non
392 3706 549 3779 perspicio.
569 3730 580 3753 »
598 3707 666 3759 Eam
689 3705 800 3777 aperire
815 3703 930 3759 ridetur
943 3707 1002 3761 Ma-

216 3796 308 3850 carius
319 3813 336 3851 a
347 3795 500 3851 Leutschio
514 3804 687 3849 memoratus
696 3794 880 3867 Paroemiogr·
896 3813 927 3868 p.
941 3792 976 3864 87
995 3815 1002 3849 ε

216 3879 260 3939 ἐπὶ
271 3884 326 3939 τῶν
337 3879 447 3961 φορτικά
465 3903 522 3936 τινα
542 3877 585 3935 διὰ
599 3880 712 3936 πλοῦτον
734 3877 949 3955 ὑπομεινάντων,
968 3883 1005 3938 de

216 3972 250 4025 iis
266 3973 315 4044 qni
337 3981 409 4026 tetra
428 3980 457 4024 et
468 3969 583 4023 scelesta
602 3969 741 4023 sustinent
754 3979 875 4041 propter
894 3968 1005 4025 divitias

220 4070 248 4113 et
260 4077 339 4133 opes.
356 4058 389 4112 In
399 4058 453 4113 alia
464 4075 584 4131 prorsus
599 4057 658 4111 abit
670 4055 873 4129 Bernhardyus
889 4057 926 4112 ad
942 4058 1004 4112 Sui-

220 4147 286 4202 dam
300 4167 330 4222 p.
351 4145 408 4220 739
423 4166 428 4199 :
446 4171 457 4192 n
473 4148 579 4218 Zopyri
593 4148 701 4199 talenta
713 4144 862 4214 Comicus,
879 4146 928 4218 qui
942 4164 1004 4200 nta-

216 4234 350 4312 gnificum
360 4253 467 4290 nomen
478 4246 616 4309 captaret,
630 4235 733 4290 talenta
745 4233 816 4289 dixit
833 4232 1004 4308 babylonia,

216 4342 339 4397 quorum
349 4341 438 4395 quum
452 4322 560 4395 singula
571 4341 606 4391 7²
621 4321 707 4375 minis
718 4322 818 4375 Atticis
829 4323 1004 4396 aequiparan-

216 4424 273 4485 tur,
290 4412 394 4468 additis
411 4412 494 4467 etiam
513 4406 558 4466 καὶ
573 4407 637 4484 ζυγά
652 4408 734 4463 facile
749 4410 839 4463 morit
853 4410 1004 4485 imaginem

219 4501 342 4557 thesauri
355 4500 480 4555 numeris
491 4510 519 4555 et
531 4498 660 4572 pondere
675 4493 889 4555 affluentissimi.
900 4502 1004 4555 Verum

218 4591 291 4646 hanc
314 4591 401 4665 ipsam
423 4591 517 4645 acervi
541 4588 661 4663 figuram
676 4588 787 4643 rettulit
807 4588 845 4644 ad
861 4607 959 4644 veram
976 4601 1004 4644 et

217 4691 324 4734 certam
349 4679 555 4753 possessionem
584 4677 727 4741 bonorum
752 4676 930 4747 solidorum,
957 4681 1004 4734 cui

217 4770 359 4824 contraria
387 4769 494 4822 vanitas
519 4765 674 4821 verborum
701 4767 943 4839 perstringeretur
976 4779 1005 4822 et

216 4857 308 4911 inanis
321 4873 408 4927 opum
422 4854 563 4908 simulatio
577 4870 584 4909 :
600 4854 657 4907 hoc
671 4864 712 4907 est
730 4864 763 4907 ut
783 4871 827 4908 res
843 4854 936 4908 verbis
950 4873 1004 4928 op-

216 4953 403 5016 ponerentur.
422 4942 494 4995 Nam
511 4940 589 4998 οίονεί
608 4950 729 5016 apparet
749 4942 916 5013 explicantis
931 4960 1003 5010 esse,

216 5049 275 5085 non
287 5030 477 5105 comparantis
492 5030 634 5084 formulas.
649 5055 660 5077 ν
679 5029 848 5102 Cogitabam
862 5027 897 5083 de
907 5026 1002 5085 Ζωπύ-

218 5138 262 5197 ρου
277 5115 416 5191 τάλανα,
431 5118 618 5174 calamitates.

483 5268 551 5323 XX.
578 5264 733 5323 lll'l'lNll.

258 5416 300 5469 De
312 5415 364 5471 hac
375 5412 514 5469 comoedia
523 5410 601 5467 cons.
615 5411 691 5465 dicta
703 5410 732 5465 in
739 5408 950 5484 prolegomenis
969 5406 1005 5461 de

218 5499 344 5560 Cratino.
798 5520 800 5525 ¹

601 5606 625 5643 ¹⁰
927 5641 933 5655 ι

175 5719 181 5732 ·
259 5698 355 5754 Schol.
383 5699 579 5772 Aristophanis
600 5699 653 5770 Eq.
678 5695 757 5770 399:
780 5689 828 5763 τὴν
854 5691 1003 5771 Κωμῳδίαν

219 5784 438 5843 έπλάσατοαθτοῢ
450 5774 515 5842 εἶναι
524 5783 646 5861 γυναῖκα,
659 5781 704 5840 καί
715 5779 873 5861 ἀφίστασθαι
882 5783 927 5836 τοῦ
940 5801 1002 5836 συν·

1051 3368 1219 3422 Fritrschius
1238 3364 1294 3441 ἅμα
1307 3365 1373 3440 μέθη
1386 3364 1414 3422 δέ
1428 3387 1473 3442 μοι
1484 3365 1565 3441 δοκεῖ,
1578 3378 1646 3436 etc,
1657 3386 1673 3423 a
1685 3386 1744 3440 quo
1756 3386 1842 3425 acce·

1050 3456 1145 3529 pimus
1159 3452 1188 3510 τὸ
1207 3454 1301 3528 μέθης,
1315 3454 1502 3530 significatum
1518 3456 1587 3511 illud
1605 3458 1635 3512 in
1648 3456 1775 3525 scholio,
1790 3460 1843 3515 cui

1051 3545 1140 3599 verbo
1148 3546 1250 3600 similia
1259 3545 1535 3619 utrinqueridentur
1545 3544 1681 3600 offecisse.
1695 3569 1707 3593 «ι
1722 3544 1841 3603 Comoe·

1052 3631 1128 3687 diam
1144 3634 1303 3708 ingeniosus
1315 3645 1401 3707 poeta
1412 3653 1532 3689 uxorem
1544 3651 1623 3688 suam
1635 3651 1694 3688 esse
1706 3631 1842 3706 finxerat,

1051 3719 1100 3774 sed
1119 3720 1273 3776 divortium
1296 3740 1360 3776 cum
1379 3724 1483 3776 marito
1505 3722 1645 3776 facturam
1656 3731 1684 3775 et
1696 3718 1843 3787 κακώσεως

1052 3809 1130 3864 litem
1147 3811 1173 3864 ei
1187 3811 1359 3865 interstruam
1377 3830 1383 3863 :
1398 3829 1456 3884 quo
1474 3812 1606 3885 cognito,
1618 3810 1668 3883 qui
1679 3809 1754 3865 forte
1767 3810 1842 3867 ade·

1052 3908 1123 3966 rant,
1145 3898 1250 3953 Cratini
1272 3898 1422 3952 familiares
1445 3898 1597 3953 obsecrant
1616 3898 1781 3967 mulierem,
1805 3911 1843 3954 ut

1052 4004 1088 4041 ne
1101 3986 1171 4059 quid
1183 3996 1285 4041 temere
1299 3987 1394 4054 saciat,
1411 3998 1450 4054 et,
1467 4006 1528 4060 quae
1539 3990 1575 4043 sit
1586 3998 1668 4042 tantae
1681 3987 1842 4045 inimicitiae

1052 4093 1145 4144 rausa,
1158 4086 1298 4148 quaerunt.
1313 4078 1384 4130 Tum
1402 4076 1451 4130 illa
1467 4078 1629 4150 gravissime
1650 4077 1781 4149 queritur
1801 4078 1842 4135 de

1052 4165 1178 4236 Cratino,
1190 4163 1270 4237 quod
1279 4182 1308 4218 se
1321 4166 1496 4238 contemptui
1506 4165 1609 4219 habeat
1621 4176 1769 4238 totumque
1778 4184 1842 4223 sese

1053 4243 1222 4306 temulentias
1235 4251 1396 4320 tradiderit,
1410 4248 1485 4310 ὅτι...
1501 4254 1533 4326 τῇ
1548 4248 1685 4328 Μέθηίν.
1697 4254 1787 4312 schol.
1801 4252 1809 4330 l
1831 4274 1840 4313 τ

1051 4339 1091 4392 sic
1109 4341 1185 4393 enim
1199 4338 1384 4394 scribendum
1400 4358 1456 4413 pro
1472 4336 1511 4394 ὅτι
1527 4336 1564 4412 μὴ
1578 4338 1702 4417 κωμῳδοῖ
1714 4338 1731 4409 ἢ
1742 4338 1841 4413 μηκέτι

1054 4426 1130 4503 σχολ.
1144 4431 1180 4504 τῇ
1196 4425 1274 4503 μέθη.
1292 4428 1335 4486 cf.
1349 4428 1428 4484 Suid.
1441 4448 1463 4485 s.
1478 4447 1507 4485 ν.
1520 4423 1632 4486 Κώδιον.
1648 4431 1689 4483 Ex
1706 4430 1841 4487 oratione

1052 4517 1218 4587 Comoediae,
1237 4536 1294 4590 qua
1306 4516 1512 4571 criminabatur
1527 4518 1661 4571 maritum
1670 4516 1782 4587 fictum,
1792 4537 1841 4575 re·

1052 4606 1094 4659 lut
1107 4605 1256 4676 injudicio
1275 4606 1320 4679 (v.
1334 4604 1463 4663 Clemens
1478 4606 1557 4661 Alex.
1571 4606 1677 4662 Strom.
1693 4606 1722 4675 6,
1733 4624 1762 4679 p.
1778 4606 1839 4663 265

1052 4695 1148 4769 syth.)
1164 4696 1219 4750 hoc
1233 4695 1267 4751 ir.
1282 4705 1311 4749 et
1326 4697 1453 4769 apetita.
1470 4695 1577 4750 Audita
1587 4696 1716 4750 oratione
1728 4695 1841 4752 Comoe-

1052 4784 1105 4838 diae
1119 4785 1226 4839 amicos
1244 4783 1361 4838 consilia
1374 4784 1410 4838 de
1429 4785 1535 4856 optime
1548 4782 1677 4838 curando
1698 4784 1752 4837 isto
1765 4784 1840 4840 Cra-

1053 4873 1104 4927 tini
1118 4873 1188 4927 vitio
1204 4873 1296 4926 iniisse
1312 4872 1427 4944 colligas
1442 4889 1457 4925 e
1476 4871 1578 4944 fragm.
1598 4888 1646 4945 ap.
1663 4871 1767 4927 Athen.
1788 4889 1838 4940 11,

1051 4979 1082 5034 p.
1101 4968 1169 5033 494,
1192 4961 1227 5028 C,
1243 4959 1347 5032 quibus
1365 4960 1498 5013 omnibus
1520 4961 1561 5014 sic
1586 4959 1632 5014 ille
1657 4958 1839 5032 respondisse

1052 5049 1178 5122 videtur,
1204 5060 1235 5104 ut
1258 5049 1328 5103 nihil
1349 5049 1454 5121 egregii
1473 5047 1602 5121 proferre
1624 5066 1707 5121 posse
1729 5047 1840 5103 diceret

1052 5149 1184 5212 poetam,
1200 5139 1252 5192 nisi
1265 5138 1331 5191 vino
1348 5137 1507 5191 incaluisset
1522 5155 1528 5188 z
1547 5155 1575 5191 v.
1590 5134 1625 5191 fr.
1638 5135 1665 5190 6.
1680 5161 1691 5182 n
1706 5136 1731 5189 E
1744 5136 1836 5190 Mein.

1432 5270 1448 5303 2

1092 5358 1266 5432 Porphyrius
1280 5357 1358 5431 apud
1381 5358 1548 5410 scholiasten
1564 5357 1650 5410 Hom.
1666 5354 1767 5426 Odyss.
1791 5354 1838 5428 Θ,

1056 5447 1122 5514 186,
1137 5447 1173 5502 de
1194 5436 1210 5515 ἦ
1232 5459 1261 5502 et
1286 5436 1318 5514 ἦν
1335 5447 1472 5501 disserens
1491 5463 1497 5499 :
1515 5444 1566 5498 τῶν
1587 5439 1613 5496 δέ
1630 5439 1753 5498 Ἀττικῶν
1777 5440 1837 5499 ἐστι

1052 5533 1124 5612 παρὰ
1141 5533 1263 5613 Κρατίνῳ
1278 5536 1304 5590 ἐν
1322 5531 1433 5610 Πυτίνη,

1101 5652 1176 5721 Furi
1193 5642 1221 5713 δ’
1239 5648 1350 5711 ἐκείνου
1364 5646 1507 5736 πρότερον
1522 5643 1553 5728 ἦ,
1575 5655 1623 5710 νῦν
1647 5638 1676 5708 l'
1697 5644 1811 5708 οὐκέτι.

1051 5779 1097 5833 Sic
1109 5778 1174 5831 item
1183 5777 1291 5830 scholia
1300 5785 1398 5829 veneta
1408 5775 1443 5827 arl
1457 5774 1537 5828 lliatl.
1552 5776 1589 5838 E,
1604 5772 1668 5839 533,
1686 5772 1794 5846 pariter
1805 5760 1838 5839 ἦν

232 5895 1821 5924 ...-......-—.---—---——-———--———--

536 5983 678 6037 PYTINE.

327 6117 335 6126 .
598 6076 621 6123 1.

219 6165 255 6214 At
269 6143 424 6217 oonvertere
436 6176 480 6215 me
494 6158 617 6216 volebam
629 6157 664 6213 ad
676 6157 868 6229 questionem,

219 6263 254 6302 an
266 6246 320 6311 ille,
331 6247 430 6303 collato
445 6246 479 6303 ad
491 6247 573 6304 aliem
584 6246 727 6303 mulierem

220 6333 323 6402 auimo,
338 6333 405 6389 mihi
419 6334 561 6390 riialedicat
573 6331 647 6406 apud
658 6331 751 6400 ittam;
767 6329 815 6387 sed

1024 5982 1030 6110 γ
1052 5974 1150 6046 partim
1163 5972 1198 6028 ob
1210 5978 1377 6027 senectutem
1395 5970 1508 6040 (suppl.
1522 5935 1586 6024 talis
1600 5974 1642 6022 est
1651 5972 1669 6032 ),
1682 5965 1781 6038 partim
1794 5972 1839 6021 te·

1558 6052 1715 6122 [mulentia
1728 6052 1840 6124 opinor,

1051 6156 1171 6221 potuque
1185 6144 1254 6200 nihil
1264 6143 1369 6198 ridetur
1382 6142 1421 6198 illi
1434 6158 1493 6198 esse
1505 6140 1654 6213 antiquius.

1431 6237 1455 6283 3.

1052 6325 1127 6380 Uror
1140 6321 1212 6377 illius
1228 6326 1306 6375 antea
1319 6316 1374 6386 toi,
1390 6332 1463 6374 nuoc
1477 6333 1531 6371 nou
1547 6315 1674 6387 ainptius.
