4084 8009
971 1539 1141 1600 uututts

246 1659 393 1736 danaos)
414 1661 460 1718 uni
475 1661 518 1717 inl
530 1663 744 1722 τοῦάνυπότιτου.
763 1670 794 1723 li.
810 1668 844 1724 il.
862 1695 873 1716 ιι
890 1667 943 1726 tint
956 1669 1034 1726 πολλ’

247 1749 260 1770 “
271 1746 350 1821 ἀγάθ·
361 1749 389 1805 ἓν
402 1755 470 1804 τοῖσι
490 1750 615 1829 κουρείοις
631 1749 685 1829 ἐγὼ
697 1751 800 1818 ἀτόποις
818 1754 941 1826 καθίζων,
958 1756 1033 1814 rodii

244 1835 401 1914 γιγνώσκειν
412 1837 504 1894 δοκῶν.
519 1863 533 1890 ν
541 1841 704 1897 scribamus

294 1951 353 2018 τ·
410 1949 693 2020 uvae*
833 1960 949 1984 Ἠ
1063 1997 1066 2004 -

323 1977 357 2018 αθ
375 1977 416 2018 πθ
482 1979 542 2047 Εγῳ
589 1981 620 2022 ἐν
639 1980 721 2023 tutet
745 1984 886 2051 ttaupttOtt
903 1986 977 2026 eatur

293 2053 662 2139 &vindemiatoriam
681 2069 858 2157 γιγνώσκειν
875 2056 984 2133 δοκῶν.
1015 2092 1030 2124 u

243 2165 455 2258 ‘Fabulibenq
465 2189 588 2258 libenter,
598 2191 642 2249 Cl.
652 2193 813 2250 Pherecrat.
824 2195 861 2254 fr.
870 2197 971 2253 inccrt.
983 2197 1032 2266 30,

243 2275 398 2352 Hermipp.
409 2273 465 2334 ‘ta
476 2295 531 2352 γον.
551 2297 577 2337 ι.
594 2275 772 2353 Γιγνὼοκειν,
787 2283 847 2339 scil.
859 2280 892 2339 τά
905 2281 1034 2361 ῥηθέντα,

243 2381 290 2420 res
308 2363 347 2420 de
369 2365 475 2440 quibus
491 2367 699 2443 colloquuntur
717 2371 746 2426 in
772 2373 929 2428 tonstrinis.
956 2376 1034 2428 Dure

242 2451 347 2525 Bergk
363 2463 394 2510 et
410 2453 500 2510 Mein.
517 2453 572 2512 Καὶ
587 2453 668 2513 πόλλ’
681 2455 777 2533 ἔμαθον
793 2461 819 2514 ἐν
838 2471 892 2518 ete.
907 2461 1035 2515 Alterum

241 2557 359 2596 versum
380 2541 544 2599 Pbcrecrati
560 2545 662 2601 tribuit
678 2564 798 2620 gramm.
820 2548 906 2606 uett.
929 2552 983 2606 An.
1004 2568 1034 2622 p.

242 2631 314 2702 iiio,
332 2647 380 2685 ta.
398 2630 725 2707 Sicautemutridetur,
735 2636 918 2712 Hyperbolus
927 2636 1032 2693 doctri·

240 2735 308 2772 taam
321 2733 414 2790 mam,
426 2719 532 2776 talibus
542 2722 573 2776 iu
583 2722 655 2778 locis
669 2724 847 2797 acquisitam,
857 2725 1014 2783 venditans.

283 2935 412 2996 Fustatlt.
427 2935 467 2993 ad
480 2937 516 2994 ll.
529 2956 560 3013 p.
574 2937 643 3009 300,
655 2958 693 2995 aa
707 2957 715 2998 ι
728 2940 743 2996 δ
754 2937 782 2996 ii
799 2937 962 3017 Ἡρωδιανὸς
978 2949 1033 3006 τοῖς

244 3019 388 3100 ιίρημίνοις
410 3021 586 3101 παραπηγνδς
610 3024 656 3082 καὶ
684 3024 728 3084 τδν
754 3025 828 3105 παρὰ
849 3029 892 3106 τῷ
911 3030 1031 3107 Ιίωμικῷ

245 3111 340 3184 (aab.
357 3110 436 3188 549)
455 3111 593 3191 Μαρικᾶν,
607 3111 638 3170 τὸ
653 3112 787 3194 βοίρθαρον
806 3115 908 3192 ὄνομα,
928 3115 971 3173 tit
985 3121 1030 3173 τοῦ

240 3219 272 3254 ντ
283 3199 407 3270 κλιθῆναι
417 3197 506 3278 λίγιι,
519 3199 680 3282 παραρίρων
694 3205 790 3280 χρῆσιν
803 3202 901 3274 ταύτην

292 3309 368 3382 Ᾱλλ’
384 3313 435 3382 οὖν
451 3317 548 3409 ἔγωγέ
563 3343 612 3384 σοι
628 3319 710 3410 λέγω
725 3324 901 3410 illustrium
917 3325 958 3410 μὴ
979 3346 1028 3384 κο·

912 3421 1027 3504 λαίζειν.

241 3577 253 3598 ι
272 3549 424 3626 Eupolide
432 3569 492 3608 csse
503 3569 614 3608 versum
622 3552 681 3626 jam
694 3556 761 3609 olim
770 3554 903 3612 indicari.
913 3557 1031 3610 Secutus

237 3648 281 3694 est
294 3639 400 3714 Bergk.
421 3639 593 3696 Commeutt.
613 3659 645 3715 p.
669 3639 745 3710 356,
765 3643 852 3697 Nieiae
869 3644 928 3698 ltaec
943 3643 1030 3697 verba

238 3743 299 3782 esre
317 3725 489 3801 conjiciens,
508 3745 625 3802 poenam
644 3726 840 3802 deprecantis,
862 3730 1030 3802 Hyperbolo

238 3813 277 3868 ab
291 3813 514 3870 Atheniensibus
530 3816 704 3888 impositam.
723 3817 765 3872 tta
778 3818 853 3871 caim
868 3817 1029 3887 existitttat,

239 3913 272 3956 ιιι
289 3901 437 3976 Acistopb.
450 3902 481 3958 ia
492 3903 598 3976 Equitt
615 3903 714 3959 Cleoni
739 3903 931 3958 adversarium
949 3901 1031 3960 finxit

238 3989 447 4060 ἀλλαντοπίνλην
466 3991 626 4065 quendam,
650 3993 691 4047 sic
712 3991 838 4066 Eupoliu
863 3995 1029 4067 llyperbolo

238 4081 407 4154 opposuisse
419 4079 548 4148 Niciam,
561 4089 589 4135 et
602 4090 748 4154 postremo
764 4083 976 4157 Hyperbolum,
991 4084 1028 4138 ab

238 4169 295 4222 boc
307 4179 491 4244 superatum,
504 4167 597 4223 rideri
611 4169 713 4243 Populi
736 4172 828 4244 gratia
848 4172 994 4228 excidisse.
1015 4201 1025 4218 ιι

239 4256 265 4310 Ε
274 4257 320 4313 Μ.
338 4255 383 4316 Cl'.
396 4257 601 4332 prolegomena
615 4255 727 4314 fabulae.

621 4368 648 4424 5.

1808 1571 1816 1614 l
1826 1567 1860 1616 il

1129 1705 1157 1741 α.
1180 1675 1256 1770 Ᾱνδρ
1273 1687 1416 1773 ὁμολογεῖ
1432 1683 1536 1747 Νικίαν
1552 1683 1715 1777 ἑορακέναιί

1129 1785 1230 1851 καίτοι
1243 1787 1273 1851 τί
1288 1790 1392 1854 παθὼν
1404 1785 1439 1854 διν
1454 1781 1545 1874 εἶδεν,
1559 1792 1583 1855 εἰ
1598 1798 1638 1883 μὴ
1654 1791 1830 1884 πρυδδίδυυ,

1082 1886 1101 1956 5
1129 1917 1160 1982 γ.
1181 1887 1341 1978 tinctam,
1357 1891 1393 1985 (ἢ
1411 1896 1654 1990 οὐκήκυύοατ’,)
1667 1896 1864 1981 ὧουνηλικες,

1129 2002 1177 2064 ἐπ’
1196 2003 1360 2092 αὐτοφώρῳ
1380 2003 1488 2068 Νικίαν
1508 2002 1708 2096 εἰλημμένον,

1132 2109 1161 2188 β.
1185 2104 1262 2196 (Τὸν
1284 2107 1435 2200 Nauium)
1465 2114 1548 2201 ὑμεῖς
1567 2112 1635 2205 γὰρ,
1658 2112 1682 2178 ὦ
1701 2111 1864 2204 ρρενοδλα-

1782 2217 1843 2298 δεῖς
1855 2271 1864 2302 ,

1129 2311 1255 2385 λίθοιτ’
1273 2317 1310 2387 διν
1329 2313 1414 2412 ἄνδρ’
1431 2321 1452 2388 οἶ
1470 2348 1554 2390 ιστον
1570 2329 1599 2390 ἐν
1625 2337 1708 2408 κακῷ
1727 2353 1802 2410 τινι,

1080 2464 1165 2535 Apud
1186 2465 1365 2521 Plutarchum
1379 2469 1563 2524 intolerabilis
1575 2483 1616 2526 est
1628 2472 1795 2544 ambiguitas
1804 2492 1864 2528 rer-

1080 2551 1185 2607 borum
1207 2553 1333 2629 πρόσοδος
1350 2555 1444 2627 αὐτοῦ,
1464 2575 1516 2613 nec
1532 2558 1618 2614 dubie
1632 2561 1799 2634 ponendum
1817 2559 1864 2616 ἀπ’

1080 2637 1170 2707 αὐτοῦ,
1195 2643 1232 2694 ab
1257 2645 1325 2716 illo,
1342 2643 1430 2702 Nicia.
1459 2647 1668 2718 colloquuntur
1690 2647 1744 2701 boc
1766 2648 1785 2701 l.
1809 2650 1862 2702 viri

1079 2727 1278 2796 Athenienses,
1302 2733 1353 2804 qui
1377 2733 1407 2786 in
1429 2731 1491 2787 soro
1508 2746 1716 2804 convenerant,
1737 2745 1769 2789 ut
1792 2736 1864 2790 sole·

1079 2812 1165 2882 baut3
1181 2834 1304 2888 quorum
1317 2837 1389 2872 unus
1403 2820 1593 2894 interrogatus
1603 2821 1640 2875 ab
1652 2823 1725 2890 alio,
1746 2823 1862 2895 quando

1080 2900 1194 2956 vidisset
1214 2904 1338 2973 Niciam,
1368 2924 1457 2977 quum
1478 2907 1667 2981 respondisset
1690 2927 1719 2964 so
1741 2919 1862 2965 tantum·

1079 2990 1167 3044 ruodo
1186 3010 1279 3065 nuper
1295 3012 1359 3048 eum
1375 2994 1475 3049 vidisse
1496 2997 1524 3049 in
1544 2995 1608 3050 loro
1627 3006 1765 3065 stantum,
1781 2998 1861 3068 alter,

1078 3080 1159 3149 quasi
1179 3078 1208 3132 id
1227 3079 1312 3135 lassus
1333 3083 1418 3136 etiam
1438 3085 1567 3137 conscius
1580 3085 1614 3137 sit
1631 3085 1760 3151 sceleris,
1782 3084 1862 3154 eujus

1077 3167 1292 3222 insimulabatur
1319 3169 1428 3238 Nicias,
1449 3172 1586 3226 exclamat
1613 3199 1623 3218 n
1648 3174 1695 3226 Vir
1714 3173 1817 3227 latetur
1833 3193 1862 3228 se

1076 3256 1185 3310 Niciam
1200 3256 1318 3311 vidisse!
1333 3281 1343 3307 ν
1358 3258 1456 3312 Statim
1473 3260 1634 3327 tamen,ubi
1647 3279 1799 3334 pauperem
1812 3262 1861 3314 lto-

1077 3344 1159 3398 minis
1177 3345 1304 3399 habitum
1319 3345 1465 3419 adspexit,
1480 3348 1599 3402 verbum
1620 3349 1743 3422 elapsum
1765 3368 1860 3423 repre·

1076 3431 1201 3487 hendens
1213 3433 1293 3488 addit
1309 3459 1320 3482 ο
1338 3437 1506 3508 Quanquam
1522 3455 1573 3491 eur
1587 3454 1651 3491 eum
1670 3440 1859 3506 convenisset,

1076 3521 1128 3573 nisi
1143 3522 1223 3593 prius
1235 3539 1251 3576 a
1264 3523 1342 3577 Nicia
1355 3523 1492 3591 donatus,
1504 3527 1649 3579 utiterum
1661 3527 1761 3598 stipem
1775 3527 1810 3580 ab
1825 3547 1859 3581 eo

1077 3609 1285 3664 emendicaret?
1298 3635 1310 3659 υ
1325 3612 1370 3665 Sic
1382 3613 1455 3666 enim
1465 3613 1662 3686 accipiendum
1673 3631 1729 3669 esse
1741 3614 1828 3669 rerba
1838 3616 1860 3670 εἰ

1077 3692 1113 3766 μὴ
1133 3693 1285 3771 προύδίδου,
1301 3701 1386 3752 sensit
1401 3700 1534 3772 llequius
1549 3700 1721 3760 Commentt.
1742 3722 1770 3775 p.
1790 3701 1856 3759 350.

1077 3785 1187 3839 Interea
1205 3786 1302 3839 tertius
1324 3787 1425 3857 aliquis
1443 3806 1593 3842 accurrens
1606 3789 1715 3843 Niciam
1730 3808 1859 3862 eompre-

1076 3870 1194 3926 hensum
1209 3883 1238 3926 et
1250 3873 1280 3926 in
1294 3869 1423 3946 flagranti
1435 3876 1551 3930 eritnitte
1561 3876 1765 3948 deprehensum
1781 3897 1859 3931 nun-

1078 3962 1127 4016 tiat
1152 3963 1194 4034 (v.
1212 3962 1302 4016 Thuc.
1332 3983 1360 4032 7,
1378 3963 1415 4036 39
1427 3996 1442 4003 -
1460 3970 1491 4027 it
1507 3961 1513 4030 l
1532 3982 1538 4020 :
1566 3983 1639 4037 equus
1662 3965 1764 4019 refutat
1786 3984 1858 4038 pau·

1076 4066 1145 4121 per,
1169 4060 1304 4122 tanquam
1328 4052 1514 4113 insanientes,
1546 4054 1595 4123 qui
1624 4072 1681 4107 non
1710 4066 1860 4111 vereantur

1076 4138 1187 4209 optimo
1201 4139 1257 4190 civi
1269 4138 1381 4210 eulpam
1392 4141 1556 4194 attribuere.
1569 4141 1653 4211 Quod
1665 4145 1762 4195 attinet
1774 4145 1859 4216 vulgo

1075 4225 1161 4297 edita,
1177 4243 1258 4279 versu
1271 4225 1286 4278 3
1296 4225 1359 4279 libri
1371 4221 1447 4299 Ἀνὴρ
1458 4237 1484 4278 et
1500 4227 1561 4299 ἑωρ.
1577 4246 1584 4283 :
1600 4231 1722 4281 correxit
1735 4230 1855 4285 littukel.

1076 4315 1106 4365 V.
1116 4321 1130 4378 l,
1141 4313 1296 4366 eorundem
1309 4314 1419 4384 aliquot
1430 4312 1537 4367 solenni
1550 4317 1684 4368 varietate
1695 4313 1796 4387 μαθὼν,
1805 4317 1858 4370 lor·

1046 4381 1049 4464 i
1075 4411 1146 4455 tasso
1159 4403 1273 4455 rectius.
1290 4403 1392 4455 Versus
1405 4400 1483 4468 ὅτις
1498 4403 1684 4473 probabiliter
1696 4404 1817 4476 expleri,
1831 4407 1857 4458 iu

279 4465 403 4522 Pium·
423 4467 487 4525 Nic·
503 4467 765 4556 eap.nt,delt'ieiae
786 4467 1049 4548 maliniilbm'ali’i
1074 4489 1193 4559 quibus,
1214 4501 1246 4541 ut
1269 4488 1347 4561 apud
1368 4489 1562 4557 l'lutareluuu‚
1583 4491 1698 4556 similia,
1722 4492 1858 4546 similibus

238 4551 487 4632 tateiiiiiwiii’
502 4555 553 4632 Οὐδ.
563 4552 1049 4642 ἦττοντοῖςθακῶίπῡῑίῗνὸυναμί·δ
1074 4575 1166 4632 lraudi
1182 4575 1294 4629 luerint.
1311 4577 1412 4629 {lucini
1437 4576 1635 4631 additamentis
1651 4579 1763 4631 immissi
1783 4592 1857 4636 suut.

239 4661 292 4706 '⁰²⁸
309 4637 327 4710 i,
343 4647 397 4704 τοῖς
410 4629 439 4698 ὦ
453 4639 566 4720 ’‘4⁰1⁸‘'
589 4640 677 4708 ἀξίοις·
700 4642 745 4700 καὶ
766 4641 832 4704 ὁδω(
852 4641 977 4718 πρόσοδος
995 4633 1027 4710 ’i‘
1045 4683 1048 4740 γ
1074 4661 1213 4730 Συνήλικες
1227 4682 1260 4716 ex
1275 4664 1413 4736 Ettpulide
1435 4665 1514 4717 allert
1542 4666 1643 4721 l‘ollux
1658 4667 1693 4732 6,
1713 4666 1777 4737 159.
1791 4669 1856 4725 i'id.

239 4727 254 4756 “
264 4729 346 4785 αὐτοῦ
360 4727 413 4792 τοῖς
426 4750 454 4786 τε
468 4733 620 4808 πονηροῖςή
637 4729 734 4802 δειλία,
749 4729 794 4787 καὶ
811 4737 863 4793 τοῖς
875 4734 1025 4807 χρησταὶςὴ
1045 4777 1047 4804 Ι

239 4815 435 4896 φιλανθρωπία.
450 4816 542 4876 λαθεῖν
563 4818 591 4876 δὲ
611 4818 672 4896 περὶ
692 4817 790 4876 τούτων
813 4818 958 4896 μαρτυρίαν
982 4819 1026 4874 καὶ

239 4902 315 4982 παρὰ
328 4907 382 4963 τῶν
395 4908 519 4982 κωμικῶν
539 4907 604 4965 ἶσαι.
620 4908 715 4964 Allato
733 4909 880 4963 Teleelidis
901 4909 1025 4961 ineerta·
1044 4957 1046 4962 .

1075 4751 1141 4808 list.
1157 4751 1188 4808 ir.
1203 4753 1249 4807 aii.

1450 4869 1478 4923 li,

237 5013 302 5050 mm
316 4995 476 5052 dramatum
493 4995 651 5070 fragmento
676 4999 759 5065 1,st
779 4998 872 5070 ,πηγὴ
890 5015 897 5048 :
914 4992 964 5049 ,δ’
980 4994 1025 5048 ὑπ’
1111 4978 1207 5034 Selml.
1225 4978 1368 5050 aristoph.
1386 4981 1438 5033 Ar.
1461 4977 1533 5032 15:36
1552 4995 1558 5034 :
1575 4976 1619 5034 δύο
1633 4977 1659 5033 δέ
1671 4980 1719 5033 εἶσι
1738 4978 1853 5036 Πείσαν-

241 5079 387 5146 Ιίὖπολιδος
408 5078 615 5160 κωμῳδούμενος
635 5083 662 5139 ἐν
684 5085 794 5160 Μαρικᾷ
814 5081 940 5158 παράγων
967 5082 1023 5138 τινὰ
1042 5067 1045 5134 i
1070 5064 1142 5140 39⁰¹,
1157 5063 1276 5138 xliiii?
1291 5064 1325 5121 E·
1341 5065 1367 5120 il
1384 5064 1423 5120 M·
1439 5085 1517 5140 paru

238 5171 291 5224 τῶν
305 5167 481 5246 ἀπραγμόνων
495 5169 539 5226 καὶ
553 5168 671 5239 πενήτων
687 5169 755 5246 λέγει

1178 5168 1190 5189 'l
1299 5189 1314 5202 ,.
1411 5177 1418 5198 ν
1481 5171 1495 5200 x
1575 5186 1580 5202 t
1634 5180 1684 5201 *l

1119 5206 1149 5244 α.
1173 5195 1265 5242 Λκουε
1281 5204 1341 5256 νυν,
1359 5177 1543 5270 Πεισανδρος
1566 5206 1605 5254 ως
1624 5186 1804 5244 απυλλυται.

287 5311 318 5352 α.
346 5285 445 5352 Πίσαο
459 5287 564 5378 χρόνου
579 5284 636 5378 γδιρ
653 5291 865 5378 συγγεγένησαι
884 5287 993 5368 Νικίᾳ,
1040 5321 1044 5390 γ
1120 5291 1149 5366 β.
1170 5280 1196 5346 t't
1217 5279 1377 5374 ατρεθλίς,
1403 5311 1432 5350 α.
1454 5285 1529 5360 (ιδ-κ,
1552 5286 1622 5349 ἀλλ’
1643 5291 1658 5348 ὁ
1678 5289 1784 5374 μέγας,
1803 5293 1854 5348 οὐ·

289 5397 321 5474 β.
339 5383 420 5458 Οὐδ’
432 5387 526 5472 εἶδον,
537 5393 563 5458 εἰ
572 5399 613 5484 μδ
628 5393 745 5483 ’ναγγος
753 5399 861 5458 ἑστῶτ’
872 5397 902 5457 ἐν
914 5395 1006 5482 ἀγορᾷ
1040 5435 1044 5456 t

1034 5527 1083 5533 —·
1107 5525 1372 5533 -—-—-.—
1380 5527 1432 5533 -—-
1441 5526 1846 5534 ---———————

615 5580 643 5627 8.

238 5656 382 5730 Multaque
389 5659 528 5730 comperio
537 5659 567 5714 in
579 5659 722 5714 tonstrinis·
734 5658 848 5714 libenter

236 5743 348 5812 sedens,
359 5761 415 5802 aon
422 5754 575 5818 suspectus,
584 5755 655 5802 etne
662 5744 812 5814 intelligere
819 5745 929 5816 quidem
939 5746 1018 5799 visus.

616 5839 634 5886 4

238 5918 335 5990 ltaque
353 5917 469 5990 egotibi
488 5917 582 5982 edico,
603 5921 778 5975 tlarieantem
793 5934 848 5972 non
863 5933 922 5972 esse
941 5916 1020 5970 easti-

873 6001 1018 6072 [gattduut.

613 6098 640 6146 θ.

271 6193 288 6234 a
311 6175 508 6248 Quamdudum
521 6179 595 6236 enim
611 6179 716 6236 Niciam
729 6178 897 6235 cotuenisti?

211 6301 230 6332 .
273 6269 300 6324 b.
317 6271 358 6324 Ne
365 6267 536 6340 vidiquidetu
545 6283 620 6332 eunt,
632 6267 685 6324 nisi
694 6283 792 6340 nuper,
803 6283 887 6338 quum
900 6275 984 6323 staret
993 6269 1020 6322 in

272 6371 298 6410 a.
314 6355 363 6412 vit
373 6353 514 6412 fateturse
525 6355 622 6414 vidisse
639 6356 755 6413 Niciam.

343 6461 488 6498 Vitttifflss
505 6463 644 6500 tuutcttatat
658 6463 689 6500 CR
696 6462 800 6498 ttutttzu.

1697 5385 1852 5465 νοκίνδιος.

1044 5587 1048 5605 ¹
1105 5573 1281 5638 (ιιυιιιιμιιιιιι.
1296 5585 1344 5622 eur
1361 5568 1387 5620 in
1405 5575 1581 5637 rumpet-tutu
1595 5568 1653 5636 ejus
1667 5568 1783 5631 verterit,
1801 5572 1853 5622 nist

1626 5658 1631 5720 1
1643 5663 1704 5709 aute
1719 5655 1854 5711 donatus?

1104 5763 1128 5800 e.
1146 5744 1300 5810 audivistis,
1317 5751 1365 5810 (au
1380 5759 1434 5799 ιιοιι
1449 5743 1601 5803 audivistis.
1613 5749 1621 5802 ι
1633 5741 1754 5809 sodales,

1107 5834 1208 5887 ltieiam
1221 5833 1249 5887 in
1262 5832 1385 5902 flagranti
1400 5833 1512 5886 etiutiue
1527 5830 1726 5901 deprehensum
1743 5835 1817 5887 esse?

1104 5921 1129 5973 b.
1149 5919 1338 5985 (Nieiamne?)
1354 5935 1401 5973 ros
1415 5918 1499 5986 igitur
1513 5916 1658 5976 dditantes

1105 6011 1191 6064 urunt
1206 6009 1354 6079 optimum,
1371 6005 1444 6060 velut
1466 6005 1569 6076 tlagitio
1587 6005 1678 6076 aliquo
1696 6005 1846 6077 pollutum.

1583 6089 1852 6161 [deprehenderitis?

1445 6185 1471 6232 li.

1068 6287 1091 6324 a.
1110 6269 1179 6327 audi
1193 6285 1285 6333 nunc,
1297 6266 1435 6340 quomodo
1445 6265 1576 6323 l‘isander
1589 6268 1705 6340 perierit.

934 6355 1017 6422 {loro
1042 6343 1046 6398 i
1068 6358 1093 6410 Ιν.
1117 6363 1157 6411 au
1170 6356 1281 6411 strabo?
1293 6371 1316 6410 a.
1334 6357 1410 6417 Non,
1426 6355 1472 6409 sed
1490 6373 1618 6426 tertianus,
1632 6357 1770 6412 asinarius.
