4084 8009
837 1522 1044 1585 cultibus

130 1663 230 1729 simos,
248 1660 356 1733 quales,
372 1661 477 1733 quippe
488 1660 575 1713 servis
589 1677 648 1713 uon
662 1659 803 1728 meliores,
819 1660 913 1713 Dulo-

131 1753 210 1826 polin
228 1751 357 1805 babitare
378 1748 469 1824 fingit.
486 1750 581 1807 Sebol.
608 1748 805 1820 Aristophanis
827 1750 911 1820 Vesp.

135 1839 206 1909 1187
234 1857 241 1895 :
265 1833 420 1913 Ἀνδροκλέα
442 1833 469 1893 δὲ
499 1838 552 1913 Κρ.
578 1836 643 1912 Σερ.
666 1831 730 1911 ρησλ
751 1834 841 1891 δοῦλον
870 1831 915 1890 καὶ

130 1924 249 2003 πτωχὸν,
271 1926 298 1981 ἐν
322 1922 348 1981 δὲ
366 1920 465 2003 Ὥραις
490 1920 652 2000 ἡταιρηκότα
681 1919 733 1999 ἄρα
757 1919 801 1977 τὸν
823 1920 912 1980 αὐτόν.

130 2015 172 2071 Cf.
191 2014 373 2090 Ecphantidis
386 2013 486 2088 fragm.
503 2014 529 2069 3.
546 2036 559 2063 ν
577 2014 603 2067 Ε
616 2014 659 2069 M.

509 2119 535 2175 3.

171 2229 293 2301 llcsycb.
309 2223 442 2304 ’λίδρυτον
456 2222 538 2282 κακόν
551 2246 557 2279 :
579 2227 629 2304 Κρ.
645 2226 707 2303 Σερ.

179 2335 318 2401 Οἰκοῦσιν
336 2337 503 2427 φεύγοντες,
517 2325 655 2427 ἀΐδρυτον
671 2334 762 2399 κακὸν
773 2327 913 2409 *ἄλλοις

130 2457 194 2527 (Sic
218 2458 315 2531 lllein.;
329 2456 468 2511 edebatur
487 2453 578 2511 κακόν.
598 2452 711 2532 ἄλλοις.)
733 2450 914 2531 κακοΐδρυιον,

129 2542 146 2613 ἣ
171 2533 222 2600 οἷον
238 2541 314 2599 ἄλλοι
332 2543 418 2607 αὑτοῖς
433 2541 480 2599 οὐκ
501 2538 533 2598 δν
546 2539 693 2619 ἱδρόσαιντο
705 2541 737 2616 (l)
758 2538 805 2610 τὴν
823 2538 915 2618 φυγὴν,

129 2633 163 2697 ὡς
175 2630 247 2697 εἴτις
261 2630 371 2707 ἄγαλμα
381 2628 526 2707 ἱδρύσαιτο.
541 2632 573 2687 V.
588 2632 628 2685 ibi
643 2632 790 2705 interpp«
806 2632 916 2701 Loqui·

129 2733 177 2777 tur
190 2732 275 2798 poeta
297 2720 333 2776 de
353 2722 447 2775 nescio
464 2720 569 2793 quibus
585 2719 749 2774 bominibus
774 2717 826 2793 (dc
848 2719 930 2791 Scy·-

128 2811 200 2880 tbis,
219 2820 250 2864 ut
265 2809 390 2876 videtur,
405 2808 594 2875 nomadibus‚
612 2808 647 2862 de
664 2808 768 2880 quibus
783 2806 916 2861 Herodo-

129 2911 174 2953 tus
189 2905 219 2966 4,
238 2917 283 2965 11,
303 2917 353 2971 19,
373 2896 445 2964 1463
462 2916 492 2968 7,
514 2914 561 2952 ro.
582 2893 700 2967 norb),
720 2894 916 2967 quivoluuta-

130 2987 174 3040 rio
188 2987 274 3040 exilio
295 2986 387 3039 solum
408 2993 563 3037 verterant.
586 2983 708 3036 Exilium
723 2990 807 3034 vocat
826 2974 916 3057 ἀίδρυ-

131 3091 174 3127 τον
185 3070 265 3127 κακὸν
285 3068 374 3134 ἄλλοις
381 3114 389 3141 ,
406 3074 511 3124 malum
523 3072 586 3123 aliis·
596 3070 688 3123 dmum
698 3080 726 3122 et
734 3070 916 3127 exsecrabile.

130 3160 219 3215 Recte
241 3161 329 3233 igitur
348 3160 468 3231 Hesycb.
488 3146 593 3214 cleu...
622 3154 788 3233 ίδρόσαινιο,
813 3158 918 3230 quibus

130 3248 330 3321 explicationis
342 3265 424 3301 causa
439 3246 522 3301 addit
541 3242 588 3314 τὴν
600 3242 698 3321 φυγὴν,
712 3248 829 3300 exilium
838 3249 916 3301 scili-

130 3347 183 3391 cet.
201 3359 212 3382 ν
225 3336 270 3389 Sic
282 3335 340 3389 fere
354 3336 442 3391 blein.
453 3354 461 3402 ;
472 3334 521 3389 sed
535 3333 702 3408 ponendum
712 3335 816 3407 procul
827 3334 916 3389 dubio

129 3421 223 3496 ἄλλως,
233 3424 383 3480 temerev.
392 3421 530 3477 Herodot.
540 3428 570 3490 4,
582 3421 845 3496 77‚ibiqueBaebr.‚
861 3434 914 3479 etc.

130 3513 222 3583 Etym.
238 3512 277 3565 M.
295 3504 425 3587 Ἀΐδρυτον
439 3505 520 3564 κακόν
538 3506 589 3564 :rb
604 3505 771 3585 κατοίρατον,
792 3504 867 3565 δοθκ
884 3507 916 3565 οἷν

129 3619 166 3662 τις
192 3598 263 3675 αὑτῷ
284 3594 420 3675 ἱδρύσαντο
437 3596 479 3672 β).
498 3596 541 3653 Cf.
556 3598 674 3671 Lysistr.
698 3596 765 3653 810.
794 3596 916 3654 Οἰκοδ-

130 3707 187 3756 σιν,
206 3688 224 3741 i.
241 3706 266 3745 e.
291 3682 425 3762 διάγουσι,
444 3690 553 3753 vivunt,
579 3704 666 3760 germ.
681 3690 722 3739 sie
739 3683 861 3753 Ιιαυοαιι,
885 3706 913 3740 ν.

129 3773 219 3830 Tbuc,
234 3774 264 3843 6,
278 3773 327 3844 82,
345 3784 401 3832 etc.

508 3858 537 3917 θ.

171 3959 286 4013 Photius
298 3961 368 4016 Lex.
380 3978 411 4033 p.
427 3955 496 4031 533,
510 3976 559 4031 αα,
575 3969 603 4013 et
617 3957 739 4031 Suidas,
755 3954 887 4036 Σταθερόν
908 3980 914 4015 :

130 4042 190 4116 ὀξὺ,
203 4043 309 4123 ἰσχυρόν
325 4042 342 4113 ἢ
357 4043 489 4123 θερμόν...
511 4043 556 4102 καί
580 4046 631 4121 Κρ.
647 4042 674 4101 δὲ
689 4046 715 4102 ἐν
733 4044 797 4123 Σιρ.
811 4044 854 4103 ἐπί
871 4052 916 4105 τοῦ

131 4130 207 4199 ὀξέως
225 4129 309 4210 (ὀξέος
322 4133 427 4207 Mein.)
443 4130 460 4201 ἢ
473 4133 593 4210 ἰσχυροῦ,

181 4243 271 4305 Οὕτω
297 4239 444 4330 οταθερῶς
471 4246 537 4315 τοῖς
564 4230 760 4315 λωποδύταις
786 4245 801 4304 ό
828 4239 916 4332 πόρος

608 4355 733 4410 πεινῶσι
749 4341 913 4434 παφλάζει.

131 4468 194 4522 lloc
210 4465 296 4532 dicit,
309 4464 362 4518 uisi
374 4464 470 4534 fallor,
483 4465 630 4536 Comicus,
644 4476 702 4519 tam
719 4467 823 4521 aeriter
837 4469 916 4521 navi-

130 4555 192 4627 gari
206 4572 222 4606 a
236 4552 417 4625 praedonibus
435 4551 550 4610 fretum,

511 4654 538 4710 5.

172 4762 382 4836 Harpocration
397 4780 426 4834 p.
452 4779 516 4828 ιιι,
544 4780 568 4829 ι,
594 4759 713 4831 Κισθήνη
735 4781 741 4819 :
765 4760 918 4841 Ἰσοκράτης

133 4849 323 4926 Πανηγυρικῷ.
339 4845 396 4926 όρος
408 4851 454 4918 τῆς
465 4844 586 4927 θρᾴκης.
604 4850 655 4928 Κρ.
726 4899 729 4905 .

179 4958 330 5030 Κόνθίνδ’
355 4966 406 5030 ἐπὶ
428 4966 569 5055 τέρματα
593 4977 648 5059 γῆς
663 4960 761 5051 ἥξεις,
785 4966 836 5031 καὶ
861 4981 916 5033 Κι-

640 5074 746 5151 σθήνης
760 5074 824 5167 ὅρος
837 5075 914 5163 ὄψει.

131 5190 324 5247 Probabiliter
351 5192 437 5249 lllein.
474 5193 534 5248 liaec
565 5196 662 5249 retulit
691 5196 726 5251 ad
759 5197 913 5270 Seriphius.

132 5280 280 5351 AEschylus
293 5276 390 5336 l‘rom.
404 5279 460 5349 817
478 5301 484 5335 :
682 5295 683 5298 ’

174 5382 274 5441 Πόντου
291 5384 398 5462 περῶσα
413 5383 554 5462 ρλοῐσόον,
570 5384 624 5443 ἔστ’
637 5385 669 5442 διν
684 5385 754 5463 ἐξίκῃ

172 5469 236 5548 πρὸς
250 5470 390 5549 Γοργόνεια
404 5471 481 5529 πεδία
497 5472 644 5545 Κισθήνης,
658 5471 700 5531 ἵνα

172 5559 199 5613 σί
213 5558 342 5637 Φορκίδες
355 5558 471 5633 ναίουσι,
488 5561 592 5632 δηναιαλ
604 5562 692 5642 κόραι.

135 5692 147 5713 «ι
162 5665 251 5737 liujus
264 5667 340 5720 enim
355 5666 455 5721 fabulae
469 5680 579 5743 partem
600 5687 679 5738 eam,
694 5689 755 5743 quae
771 5672 818 5724 lus
834 5689 911 5723 ciro*

131 5773 176 5808 res
190 5755 399 5826 complectitur,
409 5756 484 5811 Crat.
498 5757 527 5809 iu
535 5757 671 5829 Seripbiis
683 5757 778 5812 lusisse
788 5758 911 5812 videtur.

509 5928 536 5977 3.

132 6006 260 6064 incolunt
270 6005 421 6079 fugientes,
436 6008 556 6067 instabili
570 6011 643 6068 malo
657 6013 813 6071 temerario.
853 6029 857 6038 ·

510 6105 537 6153 4.
843 6108 912 6156 tum.

131 6187 192 6239 tam
208 6183 380 6239 veliementer
391 6182 567 6256 praedonlbus
581 6184 713 6243 lanulieis
726 6104 857 6259 adstreliit
866 6186 915 6243 fre·

511 6279 539 6328 b.
682 6278 754 6343 [tem
769 6276 913 6348 spectabis.

132 6357 252 6431 indeque
269 6358 302 6415 ad
315 6359 383 6417 lines
395 6367 473 6417 terrm
488 6358 627 6431 devenies,
641 6371 667 6419 et
682 6365 828 6421 Cistbeueu
841 6380 914 6420 mon·

346 6589 349 6596 ι
445 6543 457 6575 b

1706 1545 1742 1593 is

962 1660 1026 1713 Non
1041 1671 1117 1717 reete
1131 1670 1225 1715 autem
1241 1663 1382 1735 Harpocr.
1400 1661 1552 1721 Cistlienen
1569 1665 1605 1719 ab
1618 1668 1745 1723 Isocrate

963 1747 1098 1823 Paneg.§
1118 1746 1172 1802 153
1189 1761 1443 1806 commemoratam
1455 1758 1520 1808 enm
1538 1750 1669 1809 Cistbene
1682 1757 1747 1811 Cra·

963 1835 1015 1888 tini
1030 1836 1191 1909 composuit
1211 1836 1281 1890 :illa
1302 1838 1378 1892 enim
1395 1840 1492 1912 Mysiae
1510 1840 1651 1915 oppidum
1676 1842 1745 1909 luit,

962 1922 1110 1977 Strabonis
1119 1934 1248 1996 tempore
1260 1923 1410 1982 desertum.
1419 1928 1452 1981 V.
1465 1927 1567 1983 Strabo
1584 1929 1630 1998 ιδ,
1642 1950 1671 2005 p.
1689 1930 1745 1999 375

963 2009 1008 2064 ed.
1023 2011 1088 2065 Sieb
1104 2030 1113 2078 3
1127 2010 1169 2067 cf.
1186 2012 1281 2086 steph.
1299 2014 1366 2086 Byz.
1388 2032 1415 2069 ν.
1430 2014 1546 2087 lidum
1561 2015 1635 2075 Plin.
1655 2020 1692 2073 H.
1708 2020 1745 2072 N.

965 2095 995 2168 5,
1013 2096 1060 2155 30.
1083 2099 1210 2154 Thraciae
1223 2112 1348 2158 montem
1371 2102 1522 2158 Cisthenen
1547 2104 1647 2160 dicunt
1663 2107 1747 2161 etiam

963 2185 1082 2241 Photius
1096 2197 1124 2241 et
1137 2187 1247 2246 Suidas.
1260 2187 1304 2247 cf.
1318 2190 1439 2264 Hesych.
1457 2209 1487 2245 v.
1508 2189 1633 2261 Κισσίνη.
1653 2194 1747 2266 Quid-

963 2274 1106 2347 quidest,
1128 2276 1159 2329 in
1181 2286 1308 2331 extrema
1332 2272 1470 2334 terrarum
1491 2291 1571 2353 parte
1588 2283 1673 2336 situm
1693 2284 1747 2344 ali·

963 2379 1048 2433 quem
1078 2362 1174 2417 locum
1202 2363 1239 2418 ab
1263 2365 1395 2439 AEsehylo
1415 2377 1444 2423 et
1466 2366 1581 2423 Cratino
1606 2370 1747 2444 designari

963 2460 1093 2524 apertum
1108 2461 1158 2508 est.
1177 2475 1189 2501 ν
1211 2452 1235 2505 E
1250 2454 1294 2507 M.

1336 2557 1366 2613 6.

1004 2668 1146 2742 Hephaest.
1168 2688 1199 2744 p.
1217 2667 1256 2744 89
1273 2686 1281 2728 ε
1296 2666 1377 2749 παρδ-
1389 2668 1417 2728 δὲ
1435 2670 1561 2753 Κρατίνῳ
1578 2673 1605 2731 ἐν
1617 2680 1671 2739 τοῖς
1686 2675 1747 2753 Σερ.

963 2753 1049 2812 οὐκέτι
1070 2754 1255 2827 όκατοίληκτόν
1273 2758 1329 2815 ἐστι
1344 2756 1373 2816 τὸ
1385 2759 1541 2819 δακτυλικδν
1555 2760 1585 2819 cb
1604 2760 1749 2840 ἡγούμενον

964 2846 1008 2899 τοῦ
1027 2843 1212 2921 ίθυραλλικοῦ,
1230 2842 1299 2900 ἀλλὰ
1311 2846 1504 2916 καταληκτικδν
1520 2850 1555 2915 είς
1573 2848 1748 2924 δισόλλαόον,

997 2954 1507 3017 4-w-w-w-ul-v-u-u),

1014 3063 1145 3155 Χαίρετε
1184 3064 1293 3143 πάντες
1323 3064 1386 3131 θεοὶ
1415 3061 1593 3133 πολόόωτον
1623 3069 1749 3136 ποντίαν

1613 3170 1747 3266 Σέριρονί

965 3309 1073 3377 Persei,
1084 3309 1114 3361 ni
1124 3307 1220 3378 fallor,
1238 3310 1341 3379 verba,
1354 3309 1409 3365 diis
1418 3311 1522 3384 gratias
1533 3314 1655 3386 agentis,
1669 3315 1749 3388 quod

965 3396 1085 3451 feliciter
1107 3378 1172 3452 crim
1203 3396 1388 3453 Andromeda
1417 3400 1570 3475 Seriphum
1599 3402 1715 3457 redierit
1739 3422 1745 3459 :

964 3504 990 3538 ν.
1012 3485 1148 3559 Apollod.
1177 3505 1207 3560 a,
1230 3494 1259 3561 4,
1281 3486 1308 3545 3.
1325 3485 1403 3545 Πολ.
1418 3488 1436 3543 i.
1460 3506 1486 3547 e.
1509 3484 1749 3562 πολυόόητον,ία·

965 3592 1087 3641 mosam,
1102 3575 1243 3630 celebrem
1265 3590 1273 3631 ε
1296 3593 1392 3648 neque
1416 3577 1492 3630 enirn
1522 3577 1579 3631 buc
1605 3581 1747 3651 pertinet,

963 3663 1045 3736 quod
1065 3680 1170 3737 parva,
1192 3682 1292 3719 saxosa
1312 3674 1341 3719 et
1362 3665 1464 3719 sterilis
1482 3664 1536 3719 fuit
1548 3666 1608 3720 haec
1637 3669 1747 3736 insula,

964 3762 1065 3824 postea
1090 3750 1219 3819 infamis,
1243 3762 1275 3806 ut
1301 3770 1360 3824 quo
1388 3754 1483 3808 exules
1505 3755 1685 3809 mitterentur
1712 3756 1748 3811 ab

965 3839 1186 3912 imperatoribus
1205 3841 1354 3909 Romanis,
1369 3850 1439 3896 teste
1452 3842 1552 3895 Tacito
1567 3845 1640 3900 Anu.
1653 3849 1680 3912 4,
1699 3844 1746 3901 31.

965 3929 1118 4003 Perperam
1133 3927 1236 3996 Mein„
1258 3939 1378 3983 auctore
1396 3930 1521 3984 Dobraeo
1544 3930 1582 3984 ad
1600 3933 1745 4005 bristopb.

967 4015 1021 4089 iiq.
1039 4017 1088 4085 32,
1111 4012 1194 4092 Χαίρ.
1216 4036 1247 4070 π.
1265 4010 1321 4071 όσοι
1342 4037 1374 4074 π.
1390 4037 1420 4073 π.
1441 4014 1564 4096 Σέριφον,
1585 4022 1665 4091 quasi
1690 4021 1748 4076 lraec

964 4106 999 4158 sit
1008 4105 1093 4160 Chori
1108 4107 1252 4179 (ipsorum
1268 4105 1465 4178 Seriphiomm
1475 4106 1498 4182 l)
1512 4109 1623 4182 oratio,
1637 4110 1749 4186 Seriphi

964 4195 1022 4249 sive
1035 4193 1105 4250 deos'
1116 4196 1175 4250 sive
1186 4195 1295 4250 incolas
1305 4195 1460 4253 salutantis.

1342 4337 1368 4388 7.

981 4478 983 4484 ,
1003 4430 1193 4485 Antiatticista
1207 4449 1238 4505 p.
1262 4428 1313 4503 85,
1333 4449 1344 4485 1
1364 4425 1499 4487 :Bo'duuov
1515 4428 1543 4486 οὔ
1558 4452 1622 4507 ρασι
1636 4432 1688 4488 δεῖν
1703 4431 1747 4489 λε’-

963 4538 1034 4593 γειν’
1050 4514 1118 4572 ἀλλὰ
1134 4516 1223 4574 Σόλων
1238 4515 1288 4594 ἔφη
1311 4517 1338 4573 ἐν
1358 4523 1410 4579 τοῖς
1432 4514 1519 4589 νόμοις
1539 4516 1621 4595 (item
1645 4523 1747 4576 Xeno-

963 4605 1043 4677 phon
1060 4605 1172 4661 Olicou.
1197 4623 1244 4677 19,
1264 4604 1306 4679 3).
1324 4604 1377 4679 lip.
1397 4604 1459 4679 Σερ.
1482 4629 1494 4652 ι
1509 4601 1589 4660 Ἀλλ’
1604 4605 1748 4664 ἀπίωσιν

964 4690 997 4746 ἐν
1010 4692 1100 4769 χορῷ
1115 4692 1146 4755 ἐς
1167 4690 1304 4767 βόθυνον
1319 4688 1415 4750 ἱέναι.
1431 4695 1628 4766 ιΒεριιινοιιι,
1643 4695 1748 4753 fatente

964 4781 1051 4835 etiam
1060 4781 1214 4838 bleineliio.
1227 4781 1357 4838 Fortasse
1364 4782 1412 4839 Cr.
1426 4778 1574 4837 ‹lixit’atl’
1585 4782 1704 4841 ἀπιοῦσιν
1719 4786 1748 4842 ἐκ

962 4869 1062 4946 χορῶν,
1075 4869 1101 4932 ἐς
1114 4866 1218 4945 βόθυνον
1231 4865 1310 4941 ἱέναι,
1325 4871 1355 4923 in
1364 4870 1401 4947 τῷ
1413 4865 1479 4925 ἱέναι
1491 4871 1634 4926 intellecto
1648 4870 1748 4951 ψόφους

963 4958 1008 5013 νοΙ
1029 4958 1127 5031 aliquo
1148 4957 1303 5028 ejusmodi,
1330 4958 1410 5031 quod
1431 4957 1643 5015 discedentibus
1666 4960 1746 5017 finito

963 5048 1091 5102 dramate
1114 5053 1250 5123 χορευταῖς
1274 5047 1373 5102 datum
1397 5047 1482 5103 berit
1507 5047 1576 5103 ludo
1601 5050 1747 5107 relaxandi

963 5137 1050 5190 animi
1070 5154 1165 5192 causa.
1186 5134 1307 5206 Subjicit
1330 5138 1406 5191 enim
1420 5138 1627 5196 Antiattieista:
1644 5136 1700 5194 ἔστι
1720 5138 1746 5195 δὲ

962 5220 1055 5280 παιδιαί
1068 5246 1106 5288 τις
1116 5227 1141 5289 ἐς
1158 5225 1264 5301 βόθυνον
1277 5222 1355 5283 ίὲναι.
1372 5227 1468 5284 Scbol.
1483 5224 1611 5282 Platonis
1625 5228 1744 5286 bekker.

962 5331 992 5384 p.
1012 5313 1090 5369 320:
1110 5311 1193 5391 τρόπα
1207 5315 1237 5388 β)
1253 5312 1275 5369 δ’
1294 5312 1363 5369 ἐστὶν
1384 5313 1452 5381 ἡεῖς
1467 5312 1570 5389 βόθυνον
1590 5316 1619 5370 ἐκ
1638 5314 1746 5383 διαστή-

963 5420 1044 5474 ματος
1060 5398 1135 5477 βολή.
1147 5404 1247 5457 Versus
1261 5404 1300 5457 sic
1314 5402 1485 5459 habuerint:

1035 5505 1097 5563 -’
1109 5510 1185 5581 λλλ’
1206 5516 1345 5582 ἀπιοῦσιν
1363 5519 1397 5581 ἐκ
1414 5524 1526 5607 χορῶν,

1011 5623 1039 5696 ἐς
1058 5620 1179 5704 βόθυνον
1200 5623 1292 5703 ἱέναι,

962 5768 1112 5832 correpta,
1127 5768 1159 5813 ut
1174 5778 1227 5833 par
1241 5769 1298 5827 cst,
1316 5756 1410 5813 media
1427 5756 1550 5811 nominis
1569 5751 1683 5831 βόθυνος.

1338 5931 1367 5983 θ.

961 6014 1081 6083 salvete,
1096 6030 1190 6072 omues
1202 6013 1256 6085 dii,
1269 6013 1306 6071 eb
1315 6012 1450 6070 celebrem
1465 6014 1547 6069 maris
1567 6011 1685 6068 insulam
1698 6014 1743 6068 Se·

1600 6098 1743 6171 {ripbumt

1341 6196 1366 6244 7.

996 6276 1051 6334 Sed
1062 6277 1224 6333 abeuntibus
1233 6294 1248 6332 e
1258 6276 1362 6344 ultoris,

963 6372 991 6420 ut
1009 6366 1037 6419 iu
1053 6361 1160 6419 luteam
1174 6364 1296 6419 mittant.
