4084 8009
1753 1540 1848 1599 ΡΗ
1860 1538 1952 1598 BR
1967 1539 2108 1600 ECR
2119 1538 2318 1599 ATES.
3572 1555 3640 1604 83

421 1673 601 1748 νισμὸς
625 1715 640 1742 ,
669 1673 828 1747 quod
859 1673 1012 1727 unde
1039 1673 1272 1728 ductum
1312 1673 1384 1725 sit
1413 1690 1526 1725 non
1561 1673 1803 1746 reperio,
1864 1674 1986 1726 Hoc
2083 1671 2179 1742 qui
2207 1689 2383 1742 quum
2420 1672 2564 1725 inter
2592 1670 2741 1725 feros
2770 1672 3152 1744 immanesque
3184 1674 3439 1728 homines
3471 1692 3641 1728 reces—

423 1781 598 1818 unum
634 1764 787 1832 scio,
833 1757 1096 1838 Ἀργυρίου
1147 1757 1441 1837 ἀφανισμὸν
1499 1761 1698 1815 incerti
1741 1761 1990 1816 auctoris
2039 1805 2040 1858 l
2081 1760 2293 1829 sissent,
2308 1777 2444 1813 mox
2462 1758 2849 1831 resipiscentes
2866 1759 3051 1829 illam,
3077 1759 3227 1814 unde
3248 1761 3538 1831 abierant,
3563 1782 3647 1817 so·

423 1870 538 1906 csse
571 1850 819 1906 fabulam
838 1891 853 1918 ,
880 1848 1038 1922 cujus
1066 1849 1160 1903 alii
1192 1848 1567 1921 Antiphanem
1587 1889 1603 1916 ,
1649 1848 1744 1903 alii
1784 1849 1988 1922 Epige·
2041 1832 2042 1850 ¹
2083 1848 2343 1903 cietatem
2370 1848 2662 1919 vitamque
2686 1847 2906 1902 civilem
2928 1848 3303 1920 requirerent.
3335 1850 3459 1920 (Sic
3490 1851 3639 1905 enim

424 1958 551 1995 nem
570 1981 586 2008 ,
618 1940 711 1994 alii
737 1939 984 2011 denique
1013 1937 1389 2011 Philippidem
1409 1977 1424 2003 ,
1465 1948 1757 1992 auctorem
1797 1938 1986 2010 perhi·
2086 1938 2245 1991 Plato
2276 1937 2313 1989 l.
2348 1938 2385 1990 l.
2417 1956 2428 1988 :
2454 1932 2638 1998 Οὕτως
2662 1932 2770 1991 οἴου
2798 1934 2885 1990 καὶ
2915 1937 3026 2003 νῦν,
3052 1932 3189 1999 ὅστις
3224 1958 3306 1992 σοι
3332 1935 3646 2000 ἀδικώτατος

427 2028 657 2086 bebant.
702 2027 884 2101 Igitur
913 2028 960 2082 si
1002 2026 1191 2082 deleas
1219 2028 1604 2099 importunam
1649 2026 1988 2100 particulam
2084 2022 2320 2102 φαίνεται
2357 2025 2459 2079 τῶν
2501 2024 2555 2078 ἐν
2588 2021 2762 2096 νόμοις
2790 2023 2879 2080 καὶ
2928 2023 3213 2099 ἀνθρώποις
3252 2024 3645 2102 τεθραμμένων,

432 2113 604 2186 (ἤτοι,
632 2115 791 2189 quod
814 2133 923 2191 pro
951 2115 1194 2188 simplici
1217 2108 1252 2182 ἢ
1274 2113 1489 2169 dictum
1521 2115 1762 2169 miratur
1793 2114 1987 2169 imme·
2085 2110 2282 2169 δίκαιον
2313 2112 2468 2168 αὐτὸν
2510 2100 2641 2166 εἶναι
2661 2151 2771 2183 ,....
2803 2110 2847 2166 εἰ
2888 2110 2993 2167 δέοι
3026 2110 3183 2167 αὐτὸν
3227 2112 3491 2189 κρίνεσθαι
3521 2114 3647 2192 πρὸς

425 2206 558 2261 rito.
589 2204 754 2265 Both.
774 2202 815 2281 )‚
840 2203 980 2263 duas
1001 2203 1277 2258 habemus
1290 2202 1507 2257 fabulas
1526 2202 1817 2276 inscriptas
1837 2200 1987 2278 Ἀγοι-
2086 2198 2383 2279 ἀνθρώπους
2422 2188 2496 2264 οἷς
2537 2196 2673 2273 μήτι
2698 2196 2910 2256 παιδεία
2925 2198 3080 2267 ἐστὶ,
3133 2197 3267 2274 μήτε
3300 2200 3611 2278 δικαστήρια
3629 2245 3645 2269 ,

425 2293 502 2348 (toi
532 2306 586 2349 et
623 2292 891 2374 Ἀργυρίου
936 2289 1262 2373 ἀφανισμὸς,
1309 2308 1552 2363 quarum
1590 2292 1825 2347 alteram
1868 2291 1987 2346 sor·
2039 2280 2040 2283 ¹
2086 2286 2219 2364 μήτε
2242 2288 2419 2364 νόμοι,
2449 2285 2582 2362 μηδὲ
2612 2286 2808 2363 ἀνάγκη
2836 2284 3070 2364 μηδεμία
3096 2285 3180 2344 διὰ
3200 2287 3389 2355 παντὸς
3413 2289 3644 2366 ἀναγκά-

428 2393 564 2438 tasse
590 2382 819 2438 suerunt
851 2384 951 2456 qui
979 2381 1234 2439 Strattidi
1257 2378 1654 2436 attribuerent.
1694 2403 1717 2427 υ
1761 2385 1834 2435 At
1858 2396 1990 2435 sane
2085 2380 2245 2444 ζουσα
2291 2376 2478 2453 ἀρετῆς
2524 2373 2915 2450 ἐπιμελεῖσθαι,
2954 2374 3071 2433 ἀλλ’
3109 2366 3212 2433 εἶεν
3268 2376 3437 2455 ἀγριοί
3478 2399 3607 2442 τινες
3631 2424 3644 2451 ,

426 2481 641 2541 potest,
688 2483 754 2525 nt
793 2473 1034 2526 aliarum
1080 2469 1494 2526 comoediarum
1537 2469 1777 2543 simplex
1827 2486 1992 2544 argu·
2084 2463 2261 2544 ὥσπερ
2287 2464 2371 2530 οὓς
2394 2461 2581 2541 πέρυσι
2618 2464 2698 2522 Φ.
2726 2466 2754 2519 ὃ
2779 2461 2997 2533 ποιητὴς
3024 2461 3250 2530 ἐδίδαξεν
3293 2463 3379 2521 ἐπὶ
3409 2465 3643 2541 Ληναίῳ.

424 2570 672 2614 mentum
723 2558 895 2615 fuerit
954 2554 1244 2635 ἀφανισμὸς
1297 2553 1574 2634 ἀργυρίου,
1623 2555 1989 2613 Pherecratei
2084 2544 2119 2624 ἦ
2149 2554 2345 2633 σφόδρα
2367 2553 2419 2609 ἐν
2439 2554 2543 2615 τοῖς
2566 2548 2813 2616 τοιούτοις
2837 2549 3124 2629 ἀνθρώποις
3147 2550 3444 2627 γενόμενος,
3470 2549 3648 2629 ὥσπερ

421 2658 608 2702 autem
627 2648 901 2705 dramatis
919 2647 1072 2702 velut
1098 2645 1327 2720 duplex,
1348 2646 1516 2718 quale
1531 2644 1805 2702 divinavit
1827 2648 1992 2720 Berg·
2034 2666 2042 2711 s·
2084 2642 2132 2699 oi
2164 2644 2213 2697 ἐν
2253 2639 2432 2718 ἐκείνῳ
2473 2641 2548 2717 τῷ
2576 2639 2719 2718 χορῷ
2753 2638 3110 2716 μισάνθρωποι
3132 2684 3148 2714 ,
3181 2638 3480 2716 ἀγαπήσαις
3511 2639 3574 2696 ἂν
3606 2644 3648 2696 εἰ

422 2735 568 2791 khm.
600 2736 765 2794 Adde
801 2734 1046 2800 dicenda
1069 2733 1140 2791 ad
1176 2732 1514 2808 Philippidis
1537 2730 1851 2807 Ἀφανισμὸν
1895 2734 1987 2808 ἀρ·
2034 2728 2042 2769 ‘³
2085 2728 2316 2806 ἐντύχοις
2351 2726 2642 2805 Εὐρυὸἀτῳ
2670 2726 2758 2783 καὶ
2783 2724 3136 2804 Φρυνώνδᾳ.)
3168 2753 3192 2777 a
3228 2727 3499 2784 Similiter
3529 2728 3648 2803 (in-

422 2820 618 2899 γυρίου,
1720 2876 1738 2895 ,
2087 2819 2215 2891 quit
2235 2816 2479 2872 Meinek.
2501 2814 2518 2887 )
2538 2814 2658 2885 jam
2681 2815 2945 2869 Kuhnius
2964 2814 3038 2869 ad
3061 2816 3274 2871 Polluc.
3302 2834 3339 2888 9
3357 2857 3374 2883 ,
3406 2834 3497 2874 ια.
3523 2817 3650 2871 Per·

1182 2920 1234 2955 α.
2088 2907 2230 2959 tinet
2252 2914 2440 2958 autem
2465 2903 2577 2956 hue
2602 2902 2893 2955 Themistii
2917 2902 3097 2969 locus,
3125 2904 3280 2958 Orat.
3302 2904 3401 2973 26,
3425 2922 3485 2978 p.
3511 2904 3646 2970 323,

504 3014 662 3071 Idem
700 3014 794 3089 15,
824 3033 886 3089 p.
915 3013 1054 3082 658,
1093 3015 1159 3081 Β,
1191 3012 1266 3068 de
1303 3031 1406 3067 usu
1443 3030 1790 3067 coronarum
1828 3033 1840 3067 2
1878 3012 1992 3069 Κάν
2087 2993 2152 3060 C,
2179 2994 2238 3047 5¹¹
2261 3010 2379 3064 ΨΟ
2402 2989 2657 3063 ⁵⁰Pffi⁵¹³
2683 2989 2942 3061 ‘luerimr
2967 3006 3083 3047 esse
3115 2989 3396 3065 quosaam
3420 2996 3519 3064 t1¹¹i
3548 2992 3650 3045 ¹²⁰·

427 3101 529 3170 τοῖς
554 3100 986 3182 ἐπιγραφομένοις
1013 3098 1068 3161 δὲ
1101 3097 1334 3179 Ἀγαθοῖς
1363 3099 1443 3162 Φ.
1477 3096 1512 3173 ἢ
1539 3098 1798 3177 Στράττις
1821 3098 1947 3176 φησι
2038 3080 2047 3144 ἷ-
2088 3082 2267 3136 mines
2294 3081 2427 3136 itaa
2465 3079 2588 3180 Deo
2625 3086 2847 3179 creatos
2881 3079 3104 3179 dicant,
3132 3089 3198 3134 ut
3226 3091 3427 3135 mutuo
3461 3091 3651 3133 amore

2090 3182 2146 3226 et
2172 3170 2579 3227 benevolentia·
2608 3164 3020 3241 significatione
3048 3185 3163 3223 sese
3203 3178 3643 3242 prosequamur,

526 3222 901 3313 Λουσᾶμενῡῑ
931 3216 998 3288 δε
1034 3222 1147 3312 πρὸ
1177 3225 1462 3311 λαμπρᾶς
1494 3224 1748 3314 ἣμέραςν
2038 3219 2047 3333 J
2092 3278 2265 3332 quum
2315 3270 2499 3313 tamen
2535 3256 2642 3329 ipsi
2684 3255 3105 3311 inhumanitatis
3154 3257 3368 3311 crimen
3416 3258 3653 3313 subeant

528 3335 583 3394 {v
620 3337 745 3406 rotq
780 3330 1260 3419 στεφανώμασιν,
1295 3328 1354 3393 Οἱ
1383 3320 1446 3393 δ’
1482 3331 1541 3393 ἓν
1575 3339 1664 3413 τῷ
1697 3333 1893 3421 μύρῳ,
2038 3407 2042 3430 Ι
2092 3343 2679 3421 turpissime3eosdem
2697 3341 2926 3399 laudare
2940 3342 3537 3417 Prometheum‚quod
3555 3346 3651 3400 ho·

523 3442 773 3501 λαλεῖτε
803 3434 938 3527 περὶ
965 3428 1328 3526 σισυμὲρίων
1353 3428 1863 3527 κοσμοσανδάλων
1893 3462 1984 3502 τε,
2038 3457 2042 3517 ss
2089 3438 2266 3491 mines
2285 3433 2357 3489 ad
2376 3433 2700 3488 societatem
2726 3429 2974 3499 finxerit,
2998 3426 3182 3493 αὖτοὺς
3202 3428 3255 3486 δὲ
3280 3430 3502 3504 ἰλιγγιᾶν
3527 3432 3652 3507 πρὸς

2089 3520 2147 3577 τὸ
2163 3520 2355 3590 πλῆθος
2374 3516 2610 3595 καθάπερ
2633 3513 2748 3582 τοὺς
2769 3516 3016 3594 Ἀγρίους,
3037 3514 3122 3581 οὓς
3142 3514 3339 3582 ἐδίδαξε
3355 3519 3517 3593 Φερ.,
3532 3522 3565 3575 i.
3584 3540 3650 3587 e.,

2038 3591 2047 3684 ί
2088 3610 2443 3682 simulatque
2468 3609 2527 3661 in
2550 3607 2843 3661 hominum
2872 3606 3198 3661 societatem
3220 3608 3649 3680 protrahantur,

2038 3691 2047 3782 Ι
2088 3697 2363 3770 vertigine
2380 3693 2625 3768 quadam
2644 3694 2861 3766 corripi
2876 3704 2933 3747 et
2952 3694 3010 3746 in
3027 3692 3211 3748 media
3226 3694 3351 3747 luce
3368 3695 3646 3751 caecutire.

2091 3787 2263 3840 Erant
2285 3785 2456 3857 igitur
2486 3783 2569 3835 illi
2614 3780 2966 3835 Pherecratis
3004 3778 3200 3854 Ἄγριοι
3243 3782 3501 3836 homines
3524 3784 3651 3836 soli·

2092 3874 2216 3928 tarii
2245 3872 2319 3927 ab
2347 3872 2590 3927 aliorum
2617 3870 2885 3924 societate
2913 3871 3140 3937 remoti,
3171 3867 3413 3941 ideoque
3439 3873 3647 3924 morosi

2091 3971 2147 4017 et
2198 3959 2271 4016 ad
2304 3959 2545 4013 aliorum
2589 3967 2877 4030 aspectum
2934 3956 3279 4029 trepidantes
3298 3998 3314 4024 ,
3367 3956 3653 4030 iidemque

2092 4048 2262 4103 irasci
2288 4046 2479 4101 faciles
2518 4057 2574 4101 et
2621 4055 3001 4102 contumaces,
3040 4069 3063 4091 υ
3114 4043 3271 4099 Idem
3305 4046 3388 4097 vir
3419 4046 3655 4101 cbarissi-

2091 4154 2216 4191 mus
2257 4133 2571 4190 Heinrichii
2624 4132 2911 4205 quoddam
2959 4142 3344 4187 commentum
3390 4132 3657 4187 refutavit

2094 4223 2327 4295 copiose
2356 4221 2498 4276 nist.
2534 4222 2660 4275 crit.
2692 4239 2751 4294 p.
2790 4238 2985 4292 ’,Ἰ-79.
3012 4248 3092 4261 -
3116 4221 3198 4273 De
3228 4230 3483 4293 tempore
3521 4233 3656 4274 aeta²

2042 4331 2044 4333 ’
2094 4309 2295 4366 fabulae
2324 4309 2622 4365 Athenaeus
2654 4305 2711 4379 5,
2743 4326 2799 4380 p.
2833 4306 2971 4373 218,
3007 4309 3087 4361 D:
3135 4303 3481 4381 ἐδιδάχθησαν
3527 4306 3577 4361 δὲ
3612 4310 3655 4361 οἱ

432 3568 633 3619 Versus
661 3564 964 3636 asynarteti
985 3602 1001 3629 ,
1029 3581 1278 3635 quorum
1325 3581 1373 3621 1.
1419 3575 1640 3619 constat
1667 3583 1734 3620 ex
1762 3564 1992 3639 dactylo

428 3665 477 3707 et
507 3653 800 3725 dochmio,
839 3668 895 3709 α.
944 3669 1015 3707 ex
1055 3661 1338 3725 anapaesto
1382 3651 1520 3710 dim.
1547 3653 1745 3708 brach.
1787 3666 1845 3709 et
1880 3655 1992 3709 do-

430 3742 648 3809 rhmio,
703 3740 758 3795 3.
824 3751 905 3795 ωε
962 3739 1318 3812 euripidem»,
1370 3738 1443 3796 de
1502 3758 1618 3813 quo
1676 3742 1993 3816 Hephaestio

430 3851 487 3903 p.
524 3836 620 3905 94.
655 3829 900 3885 Meinek.
933 3822 1135 3902 ἡμέρας
1163 3828 1326 3883 alteri
1355 3830 1536 3884 versui
1560 3829 1888 3900 admetitur,
1922 3830 1994 3887 de
2042 3811 2047 3920 Ι

429 3918 702 3972 sententia
731 3915 944 3971 addens
972 3935 986 3971 ε
1034 3940 1058 3964 α
1088 3916 1610 3990 Reprehenduntur
1632 3918 1996 3976 Athenienses
2042 3941 2047 4023 Ι

434 4006 552 4059 otio
569 4014 626 4059 et
649 4003 863 4060 deliciis
877 3999 1214 4061 diffluentes.
1238 3999 1332 4061 Ἐν
1354 4008 1456 4067 τοῖς
1477 4024 1651 4082 στεφ.,
1674 4012 1730 4060 iu
1747 4025 1816 4062 ea
1829 4021 1996 4081 parte
2042 4031 2047 4055 ι

420 4092 574 4166 fori,
604 4094 696 4147 ubi
719 4092 897 4165 flores
931 4104 984 4146 et
1017 4110 1241 4147 corona·
1263 4094 1571 4160 venibant3
1607 4092 1659 4149 lv
1691 4092 1766 4170 τῷ
1810 4092 1991 4175 μύρῳ,

432 4188 490 4235 in
520 4181 762 4235 tabernis
782 4184 1180 4253 unguentariis.
1199 4178 1282 4237 Cf.
1303 4180 1595 4255 Aristoph.
1623 4183 1829 4238 Eccles.
1855 4182 1992 4252 303,

431 4281 484 4323 et
528 4271 633 4342 Eq.
673 4267 837 4339 ¹37¹·
868 4267 1168 4342 Polyzelus
1195 4286 1287 4341 ap.
1321 4268 1500 4323 schol.
1533 4269 1681 4328 Plut.
1706 4269 1821 4325 550
1860 4291 1870 4323 ;

512 4380 606 4437 Ἑν
637 4380 713 4458 τῷ
745 4377 894 4456 μύρῳ
921 4382 1047 4456 παρ’
1077 4378 1361 4448 Ἀθηναίων
1401 4380 1765 4458 μακαρίζεῒαῑ·
1796 4411 1818 4431 ”
2049 4434 2050 4441 1
2092 4391 2294 4472 Ἄγριοι
2315 4396 2399 4451 ἐπ’
2427 4391 2746 4471 Ἀριστίωνος
2770 4391 3020 4470 ἄρχοντος
3038 4434 3054 4461 ,
3079 4395 3135 4446 h.
3167 4411 3218 4447 e.
3244 4394 3471 4467 Olymp.
3506 4394 3601 4465 89,
3624 4402 3652 4458 Ι,

435 4479 495 4531 V.
527 4476 560 4530 3
584 4476 788 4532 λαλιῖτε
818 4478 1003 4533 Dobr.
1035 4496 1143 4549 pro
1167 4477 1425 4532 λαλεῖτοιι.
2098 4485 2255 4560 (ante
2283 4484 2418 4541 Chr.
2445 4495 2563 4538 nat.
2597 4481 2764 4553 420).

1191 4584 1240 4639 3.
2860 4596 2903 4629 1.

516 4700 716 4755 Pollux
751 4719 809 4769 7,
849 4696 956 4773 198
999 4718 1014 4757 ε
1062 4696 1425 4775 ἰσχαδοπῶ
1447 4698 1559 4756 λαι
1589 4697 1644 4757 δὲ
1675 4698 1754 4759 ψ.
1805 4702 1857 4759 ἐν
1898 4705 2001 4767 τοῖς
2047 4704 2051 4714 ”
2179 4694 2385 4751 Athen.
2420 4695 2481 4763 6,
2505 4712 2566 4769 p.
2596 4692 2740 4761 263,
2768 4692 2843 4762 13,
2877 4690 2949 4748 de
2977 4707 3269 4748 servorum
3292 4693 3616 4749 ministeriis
3644 4717 3653 4747 :

435 4789 665 4861 Ἀγαθοῖς
683 4830 698 4856 ,
727 4784 818 4843 καὶ
846 4788 1239 4863 ἰσχαδωνῶν
1268 4785 1386 4865 ἔφη.
2047 4752 2055 4821 Ι
2097 4786 2172 4844 Φ.
2203 4781 2301 4857 μὲν
2330 4780 2434 4888 γὰρ
2472 4780 2523 4839 ἐν
2554 4779 2768 4857 Ἀγρίοις
2787 4779 2945 4858 φησὶν

1184 4905 1242 4964 Ιι·
2047 4882 2051 4930 ¹
2199 4905 2288 4967 Οὐ
2315 4881 2428 4993 γὰρ
2443 4896 2513 4971 ἦν
2548 4898 2677 4963 τότ’
2707 4898 2842 4963 οὔτε
2875 4898 3084 4973 Μάνης
3103 4902 3237 4963 οὔτε
3266 4901 3437 4975 σηκὶς
3465 4891 3659 4965 οὐδενὶ

514 5013 671 5070 Idem
708 5032 796 5084 ιο,
833 5020 904 5082 47
934 5030 948 5069 :
980 5009 1149 5090 δίφροι
1173 5011 1444 5084 ὀκλαδίαι,
1473 5011 1579 5093 δίφ
1603 5035 1701 5089 ροι
1733 5014 2000 5093 διωχεῗς

2194 5000 2447 5085 δοῦλος,
2489 5002 2625 5070 ἀλλ’
2660 5003 2849 5080 αὐτὰς
2884 4996 3011 5068 ἔδει
3044 5006 3289 5097 μοχθεῖν
3340 5003 3561 5072 ἅπαντ’
3600 5012 3660 5072 ἐν

436 5102 487 5156 ἐν
515 5098 876 5177 Φερεκράτους
909 5097 1018 5175 Ἀγ.
1041 5098 1339 5177 εἰρημένοι,
1365 5100 1514 5159 οἱονεὶ
1545 5104 1591 5158 οἱ
1626 5099 1716 5159 δύο
1738 5102 1994 5181 ὀχοῦντες.
2047 5115 2051 5185 Ι

3468 5141 3657 5180 οικια·

1021 5249 1095 5307 η,
1137 5248 1412 5308 ΛΓΡΙΟῙ,
2047 5238 2048 5252 ’
2196 5217 2331 5288 εἷτα
2366 5222 2507 5310 πρὸς
2554 5224 2853 5285 τούτοισιν
2893 5221 3073 5290 ἤλουν
3108 5220 3329 5310 ὄρθριαι
3360 5220 3437 5284 τὰ
3473 5225 3662 5291 σιτία,

1213 5380 1224 5393 .
1544 5383 1556 5394 .
1703 5384 1714 5393 .
2047 5325 2055 5385 ἱ
2197 5332 2353 5391 ὥστε
2400 5331 2509 5399 τὴν
2559 5328 2769 5415 κώμην
2806 5331 3062 5416 ὑπηχεῖν
3111 5326 3507 5416 θιγγανουσῶν
3557 5328 3664 5401 τὰς

517 5381 685 5453 Quod
710 5392 1103 5456 argumentum
1129 5382 1298 5452 hujus
1313 5381 1605 5437 comoedsae
1616 5392 1838 5449 attinet,
1864 5400 2002 5456 pro—
2051 5389 2055 5473 Ι

396 5471 407 5479 ’
438 5469 707 5526 habiliter
718 5470 1014 5526 Heindorf.
1031 5470 1106 5526 ad
1121 5470 1370 5525 Platonis
1386 5472 1756 5544 Protagoram
1777 5488 1837 5543 p.
1864 5470 2001 5541 529,
2051 5492 2055 5557 γ
3448 5436 3661 5519 μύλας·

359 5601 365 5606 .
439 5577 561 5614 rem
608 5561 687 5614 ita
726 5560 1035 5614 institutam
1090 5558 1258 5614 fuisse
1300 5576 1332 5613 a
1371 5570 1542 5633 poeta
1594 5560 1902 5628 existimat,
1942 5569 2006 5614 ut
2051 5569 2055 5642 Ι
2101 5561 2219 5638 Nee
2257 5578 2478 5630 servos,
2509 5578 2612 5615 nec
2652 5577 2838 5615 servas
2885 5560 3032 5613 inter
3066 5558 3211 5613 feros
3242 5559 3374 5612 istos
3405 5558 3661 5613 homines

438 5648 679 5701 chorum
709 5646 959 5702 facerent
1003 5648 1259 5703 homines
1302 5665 1420 5703 non
1457 5666 1568 5702 suae
1607 5646 2004 5703 tantummodo
2051 5644 2055 5663 ’
2101 5647 2266 5703 fuisse
2296 5649 2400 5715 ait,
2429 5644 2527 5702 sed
2556 5648 2871 5702 necessario
2904 5646 3137 5700 feminas
3175 5645 3379 5701 servile
3410 5647 3663 5703 ministe-

439 5734 789 5806 reipublicae,
810 5734 902 5791 sed
923 5735 1177 5789 omnium
1209 5736 1444 5789 omnino
1471 5734 1768 5790 hominum
1790 5754 2000 5804 osores,
2051 5751 2059 5805 [
2100 5737 2247 5791 rium
2279 5736 2533 5792 subiisse.
2573 5738 2746 5789 Versu
2788 5753 2804 5786 1
2839 5744 2894 5787 et
2920 5752 2953 5788 2
2976 5732 3125 5799 σηκὶς
3155 5731 3319 5788 οὐδενὶ
3348 5732 3524 5799 δοῦλος
3542 5778 3557 5807 ,
3586 5749 3663 5791 est

444 5954 451 5960 ,
1110 5916 1115 5919 ’
1200 5909 1253 5958 2.
1810 5902 1824 5915 ’
2053 5940 2058 5945 -
2709 5904 3065 5956 BELLUlNl.

445 5989 562 6043 Loti
592 6004 720 6044 vero
743 5996 866 6044 ante
896 5989 1139 6046 lucidum
1169 5990 1345 6055 diem,
2054 5988 2060 6035 ἕ
2603 6044 2617 6054 ·
2870 5999 2911 6041 ι.
3456 5993 3664 6059 [unum

441 6079 583 6130 inter
603 6089 865 6141 coronas,
895 6076 1097 6149 aliique
1125 6075 1182 6131 in
1206 6075 1444 6133 tabernis
1464 6078 1833 6150 unguentariis
1849 6120 1862 6139 ,
2104 6079 2290 6150 Neque
2318 6079 2462 6133 enim
2484 6087 2617 6133 tunc
2641 6085 2757 6132 erat
2780 6080 2968 6133 Manes
2987 6118 3001 6142 ‚
3030 6093 3206 6150 neque
3231 6095 3418 6157 proma
3439 6123 3452 6145 ,
3489 6097 3666 6152 neque

441 6163 645 6232 garrite
671 6162 740 6218 de
767 6163 1071 6235 sisymbriis
1097 6171 1152 6219 et
1174 6164 1612 6221 cosmosandalis.
1863 6204 1870 6210 -
2101 6164 2291 6220 servile
2315 6164 2706 6229 ministerium,
2746 6164 2838 6220 sed
2884 6165 3026 6237 ipsas
3054 6166 3235 6222 omnia
3271 6169 3478 6237 operari
3513 6185 3647 6240 opor

1195 6255 1245 6305 3.
2101 6243 2469 6326 praetereaque
2494 6267 2652 6309 mane
2676 6252 2953 6309 molebant
2978 6254 3245 6311 frumenta
3268 6298 3280 6319 ‚
3320 6258 3462 6322 [tuit
3483 6257 3663 6319 domi3

446 6336 673 6389 ficuum
700 6335 1020 6391 venditores.
1050 6366 1119 6375 -
1152 6336 1308 6391 Ficus
1331 6338 1647 6393 ementium.
1944 6400 1948 6405 ,
2050 6329 2060 6389 l
2101 6349 2162 6395 ut
2184 6342 2331 6398 vicus
2357 6349 2634 6396 resonaret
2655 6350 2800 6397 tactu
2826 6342 3112 6397 molarum.
3145 6342 3149 6346 '

3408 6450 3432 6481 ὅ
