4084 8009
222 1511 278 1560 280

214 1631 227 1684 ὁ
250 1626 334 1692 αὐτός.
359 1628 396 1686 Κ.
422 1625 508 1687 Κάκλ.
529 1624 714 1705 «Ἐχχίλεια,
749 1626 872 1706 κάραὸοι,
901 1626 995 1699 λινεθς,

212 1712 335 1794 ἀχαρνδνς
356 1714 451 1775 οὑτοσί.
470 1718 618 1789 νΙΙοεχολι.
639 1735 754 1790 quoque
781 1712 873 1779 Aoede
894 1736 901 1769 ι
921 1714 993 1792 ἰχθὺς

213 1803 294 1869 ποιός.
319 1805 436 1860 Photius
459 1824 490 1879 p.
514 1810 583 1877 224,
603 1824 659 1878 αα,
678 1802 769 1870 Λινεύς
795 1822 803 1863 :
826 1802 948 1880 κεστρεύς
963 1802 994 1881 (i

211 1893 352 1951 vidaon.
374 1892 411 1948 ad
423 1896 504 1967 Vesp.
522 1894 589 1963 760.
610 1893 755 1967 Both.].E
774 1892 892 1948 Belikeri
907 1894 997 1947 lexico

260 2078 391 2169 Κίθαρος
409 2079 513 2161 ὀπτὸς,
530 2079 581 2143 καί
600 2078 696 2163 βατὶς,
716 2080 817 2145 θίννου
848 2105 882 2144 τε
901 2104 995 2170 κερα-

804 2192 890 2251 λαιον
908 2178 964 2250 τοδ
969 2185 996 2268 ί,

718 1496 924 1557 COMOEDlAE
946 1496 1107 1557 verttttts
1129 1496 1338 1569 RELlQUlAE.

1045 1629 1124 1686 Ordo
1139 1630 1291 1684 verborum
1308 1650 1313 1682 :
1328 1628 1368 1686 tl).
1389 1624 1435 1697 ἥδε
1451 1617 1468 1704 ᾖ
1486 1624 1604 1706 καθάπερ
1619 1626 1761 1691 κατάλυσις
1783 1651 1831 1707 σχ.

1043 1713 1157 1774 δείπνου.

1424 1829 1451 1883 5.

1086 1945 1164 2000 ldem
1186 1966 1211 2014 7,
1236 1966 1266 2019 p.
1291 1942 1360 2012 αδδ,
1385 1946 1423 2016 Ε,
1445 1942 1482 1997 de
1502 1944 1584 2016 apuis
1603 1943 1768 1999 disserens:
1793 1943 1829 2001 Κ.

970 2080 979 2101 s
1047 2032 1131 2090 Κύκλ.
1155 2058 1167 2081 ι
1182 2031 1263 2112 ’Πρὸ
1283 2028 1426 2109 τῆςάριίης
1446 2032 1494 2099 τῆς
1513 2030 1631 2101 ἡδίστης.
1655 2057 1668 2080 ¹·
1687 2032 1833 2087 Porsouus

1044 2121 1161 2179 Advers.
1183 2141 1214 2196 p.
1239 2140 1292 2195 92,
1314 2121 1455 2195 probante
1480 2122 1579 2198 Mein„
1602 2116 1673 2194 Πρὸς
1693 2121 1740 2187 τῆς
1772 2132 1829 2179 ete.

1044 2234 1055 2259 ε
1071 2210 1183 2265 Ludere
1205 2210 1319 2264 videtur
1340 2209 1369 2262 in
1393 2207 1577 2282 ambiguitate
1591 2208 1726 2263 vocabuli
1744 2205 1830 2285 δράη,

261 2293 411 2383 ἑγχελεια,
427 2284 562 2381 κάραδοι,
578 2293 686 2373 λινεθς,
702 2292 836 2382 άχαρνὼς
853 2290 966 2356 οὑτοσί.
1044 2298 1124 2370 quod
1138 2310 1166 2353 et
1179 2300 1264 2373 piscis
1286 2309 1315 2353 et
1326 2297 1514 2354 meretriculae
1526 2314 1631 2351 nomen
1649 2307 1713 2353 est:
1728 2316 1756 2353 v.
1781 2299 1831 2351 Ar·

213 2398 339 2478 Κίθαρος,
369 2403 454 2475 piscis
480 2421 496 2456 e
520 2401 711 2457 rhomborum
734 2419 856 2474 genere,
883 2400 997 2457 fidicula
1044 2387 1245 2460 ‘hiPl‘ipisces
1265 2385 1644 2442 8·'M‘l'³·s³¹¹²lffl⁵l⁵⁸0
1662 2385 1830 2457 P¹¹¹⁰l¹¹¹¹¹¹¹

211 2491 310 2546 Gazae:
327 2509 354 2546 v.
367 2491 486 2547 Aristot.
504 2490 540 2543 tl.
559 2491 592 2547 Α.
611 2508 638 2558 α,
659 2508 704 2557 ιο,
720 2489 772 2557 13,
789 2486 866 2547 Ptin.
880 2489 929 2559 32,
948 2508 995 2557 ιι,
1043 2474 1075 2528 Ῑῐῑ
1094 2476 1227 2529 0⁰¹¹V5Vl⁰
1242 2475 1380 2548 APhlffl,
1396 2474 1453 2528 Vile
1466 2482 1607 2541 ⁵⁰⁰¹'iumr
1623 2490 1710 2545 ‘luam
1729 2473 1833 2545 ²¹5q¹¹i⁵

212 2597 236 2636 s.
260 2577 309 2634 53.
333 2581 374 2633 De
396 2576 457 2647 raja
481 2577 577 2631 batide
593 2596 621 2631 v.
642 2576 754 2633 eosdem
777 2577 807 2645 6,
831 2596 865 2632 10
887 2588 915 2632 et
944 2595 996 2647 11;
1043 2562 1250 2637 Psaedlfflvefili
1266 2561 1480 2636 c⁰¹¹¹P³¹l³¹ll⁰¹¹e
1500 2560 1562 2633 ‘1⁸⁰⁵
1580 2579 1645 2616 ⁰⁰¹³
1661 2576 1759 2634 ³P¹¹²a
1773 2562 1831 2615 ΚΜ

212 2666 261 2741 32,
277 2686 304 2737 75
320 2668 405 2721 Stein.
421 2665 606 2738 Naturgesclr.
619 2685 647 2741 p.
659 2684 727 2736 ουρ,
742 2676 796 2724 etc.

592 2790 619 2826 ο.

250 2884 329 2940 Idem
349 2903 394 2959 ιο,
409 2904 438 2958 p.
453 2882 522 2953 524,
539 2886 559 2939 F
575 2901 582 2940 ε
598 2880 656 2947 τοὺς
670 2882 719 2958 γάρ
736 2880 891 2957 σύμπαντας
904 2876 998 2947 Ἴωνας

210 2969 383 3029 ἐπισκώπτων
408 2970 540 3045 Καλλίας,
557 2969 575 3040 ἢ
594 2970 720 3041 Διοκλῆς,
735 2972 761 3027 ἐν
784 2970 910 3048 Κύκλωψί
934 2992 998 3046 φησι

213 3084 225 3107 ι
241 3057 276 3116 Τί
292 3057 342 3134 γάρ
357 3062 372 3128 ἡ
387 3056 501 3136 τρυφερά
523 3057 568 3115 καὶ
589 3057 793 3135 καλλιτράπεζος
815 3055 901 3113 Ἰωνία
921 3054 1000 3135 elp'd

209 3167 234 3201 τι
249 3144 380 3223 πράσσει,
396 3173 407 3195 ν
422 3150 522 3202 Versus
537 3164 627 3220 prava
646 3164 750 3201 caesura
765 3146 950 3219 deturpatus,
967 3155 998 3199 ut

211 3235 355 3309 Aristoplr.
370 3235 473 3291 Avium
485 3234 555 3304 674.
572 3234 735 3289 scribamus

261 3347 289 3412 's
293 3347 302 3411 i
316 3345 372 3438 γὰρ
386 3351 404 3418 vi
423 3346 567 3438 τρυφερὰ,
584 3341 824 3438 καλλιτράπεζός
838 3373 887 3423 τις
909 3342 998 3414 Ιωνία

693 3453 748 3545 εἴφ’
765 3457 782 3518 ὅ
800 3481 833 3520 τι
851 3453 997 3544 πράσσει,

210 3580 444 3654 quandoquidem
464 3580 615 3635 verisimile
628 3579 750 3648 videtur,
765 3578 811 3635 καὶ
824 3591 919 3635 ortum
941 3600 998 3636 esse

210 3690 226 3723 e
240 3668 303 3723 καλ·
314 3668 438 3741 syllaba,
451 3677 609 3739 contraque
621 3664 659 3730 τίς
670 3666 743 3722 sorte
755 3668 939 3722 intercidisse,
956 3670 998 3723 De

211 3756 357 3828 adjectivis
366 3775 425 3809 non
437 3755 595 3826 conjunctis
608 3775 633 3807 ν.
644 3755 746 3809 illattlr.
758 3757 808 3812 Gr.
823 3755 839 3829 §
852 3761 919 3823 444,
928 3766 996 3823 etc.;

210 3844 247 3899 de
260 3841 299 3907 τίς
318 3844 506 3918 pronomine,
521 3842 684 3914 hujusmodi
704 3843 851 3914 adjectivis
865 3842 932 3898 addi
945 3863 997 3897 so-

211 3934 278 4002 lito,
297 3932 404 4006 idem§
426 3931 494 4003 487,
512 3931 545 3999 53
562 3931 641 4004 quod
656 3932 772 4004 quidem
794 3932 878 3987 facile
904 3925 996 4006 negle-

210 4031 286 4075 ctum
305 4020 406 4088 luerit,
424 4030 560 4093 tanquam
573 4038 823 4093 supervacaneum.
840 4020 885 4075 Ad
899 4019 995 4083 καλλι-

211 4107 338 4186 τράπεζος
346 4110 470 4183 pertinet
479 4109 570 4183 glossa
580 4108 733 4180 Pirryniclri
743 4108 830 4164 Beldc.
843 4127 874 4181 p.
890 4114 936 4183 49,
953 4107 996 4166 15.

593 4218 620 4277 3.

251 4338 329 4393 ldem
350 4356 396 4407 ιι,
413 4357 444 4411 p,
461 4337 528 4405 487,
548 4340 581 4404 A,
593 4336 644 4390 ubi
660 4339 717 4410 agit
735 4337 770 4393 de
793 4338 899 4412 poculo
916 4357 996 4411 μετα-

212 4422 311 4501 νιπτρίς
326 4424 404 4480 dicto
422 4446 428 4479 :
446 4423 508 4480 ἔνιοι
529 4420 556 4479 δὲ
578 4420 625 4493 τὴν
642 4421 710 4498 μετὰ
730 4424 760 4481 πθ
779 4424 904 4504 νίψασθαι
921 4423 997 4479 πόσιν

213 4516 288 4587 (scil.
304 4512 492 4590 μετανιπτρίδα
513 4510 655 4587 ἐκάλουν),
669 4516 704 4578 ὡς
718 4512 846 4579 Σέλευκος
864 4516 890 4571 ἐν
905 4513 996 4572 Γλώσ-

211 4623 278 4666 σαις.
295 4603 330 4659 Κ.
346 4600 372 4658 δὲ
384 4602 410 4659 lv
426 4604 462 4659 K.

261 4716 327 4782 Καὶ
344 4709 428 4796 δέξαι
445 4712 532 4789 τηνδὶ
548 4710 771 4809 μετανιπτρίδα
793 4728 848 4795 τῆς
866 4711 996 4809 Ῠχιείας.

590 4854 617 4912 4.

255 4954 332 5017 ldem
349 4961 379 5022 4,
400 4975 431 5028 p.
462 4963 528 5025 140,
554 4956 600 5013 E:
624 4952 663 5010 ὅτι
689 4952 716 5009 δὲ
732 4952 785 5017 ἔθος
805 4945 836 5025 ἦν
851 4960 903 5016 τοῖς
917 4950 999 5007 πάλαι

128 5088 131 5093 .
213 5039 258 5097 καί
272 5038 357 5112 φύλλα
372 5039 469 5117 δάρνης
482 5039 743 5119 τραγηματίζεσθαι,
760 5042 810 5109 Κ.,
836 5038 853 5109 ἢ
868 5039 997 5109 Διοκλῆς,

214 5131 240 5184 ἐν
261 5135 314 5195 τοῖς
331 5126 460 5206 Κύκλωψί
471 5150 548 5206 φησιν
560 5125 641 5192 οὕτως

262 5240 381 5320 ψυλλὰς
403 5241 422 5334 ᾖ
448 5238 571 5309 δείπνου
600 5244 764 5318 κατάλυσις
788 5236 845 5315 ἥδε
869 5242 1000 5334 καθάπερ

821 5350 997 5440 σχημάτων.

1044 2651 1187 2721 suaviore,
1206 2676 1220 2699 «ι
1239 2646 1394 2728 (neolone)
1408 2645 1543 2725 πρώτης
1558 2648 1671 2727 άρυῶν
1687 2648 1745 2715 τῆς
1764 2646 1832 2716 ἡδί-

1044 2759 1115 2807 στης,
1125 2762 1139 2787 ν
1153 2743 1286 2812 quoniam
1293 2743 1441 2811 praecipua
1451 2750 1492 2792 est
1503 2756 1640 2811 opuarum
1650 2742 1828 2791 suavissima.

1044 2827 1091 2882 Sic
1103 2828 1178 2881 enim
1188 2827 1282 2881 nulius
1294 2825 1395 2881 dubito
1408 2826 1479 2898 quin
1489 2822 1671 2880 scribendum
1681 2825 1728 2891 sit,
1739 2843 1832 2879 emen·

1044 2914 1117 2970 datis
1131 2916 1189 2970 istis
1206 2911 1337 2991 πρὸτῆς,
1354 2932 1406 2968 nec
1417 2915 1518 2968 relicto
1540 2910 1643 2990 άρύης,
1662 2913 1832 2969 intolerabi-

1045 3003 1109 3059 liter
1125 3003 1276 3058 cumulatis
1290 3002 1529 3059 homoeoteleutis

1424 3115 1452 3173 6.

1084 3230 1187 3285 Athen.
1204 3228 1251 3297 15,
1265 3248 1295 3304 p.
1306 3228 1377 3299 667,
1389 3231 1427 3298 D,
1438 3236 1588 3303 postquam
1598 3230 1769 3283 memoravit
1779 3225 1830 3305 ᾠά,

1046 3314 1091 3372 καί
1103 3315 1256 3391 πεμμάτια,
1266 3314 1311 3371 καί
1325 3313 1484 3394 τραγήματα
1494 3356 1503 3386 ,
1513 3316 1629 3390 praemia
1643 3317 1809 3371 coltabismi
1822 3337 1827 3367 ;

1044 3402 1138 3476 ὁμοίοις
1150 3403 1177 3460 δὲ
1192 3400 1368 3481 διεξέρχονται
1389 3400 1573 3482 Κηφισόδωρος
1590 3402 1617 3459 lv
1628 3403 1774 3484 Τροφωνίῳ
1787 3402 1830 3461 καί

1045 3495 1091 3563 Κ.,
1104 3489 1122 3560 ἢ
1137 3492 1264 3562 Διοκλῆς,
1280 3492 1306 3547 ἐν
1321 3490 1475 3569 Κύκλωψιν.

1412 3624 1438 3675 7.

1084 3720 1183 3774 Suidas
1197 3739 1225 3776 v.
1243 3715 1355 3795 ’Κράχνη
1372 3736 1380 3775 :
1394 3714 1495 3794 εἴρηται
1506 3714 1533 3773 δὲ
1549 3716 1698 3795 ἀράχνης
1709 3718 1756 3774 καί
1769 3719 1830 3795 παρ’

1045 3803 1176 3883 Ἡσιόδῳ,
1191 3804 1237 3862 καλ
1251 3806 1325 3883 παρὰ
1339 3804 1478 3883 Πινδάρῳ,
1497 3803 1542 3861 καί
1559 3804 1632 3882 παρὰ
1649 3806 1769 3885 Καλλία.
1787 3806 1829 3863 λί·

1043 3915 1118 3970 γουσι
1133 3893 1160 3951 δὲ
1176 3893 1222 3951 καί
1238 3891 1401 3970 άραχνικά
1417 3891 1470 3950 alul
1487 3896 1533 3963 τῆς
1546 3891 1664 3972 ἀράχνης
1682 3894 1770 3973 ὀρθῆς.
1794 3897 1828 3954 Κ.

1045 3980 1131 4041 Κάκλ.

1093 4093 1194 4192 ίλσπερ
1223 4095 1299 4189 (διν)
1329 4096 1474 4192 άραχνικίι
1497 4102 1553 4173 τὴν
1578 4089 1649 4165 ὁδὸν
1668 4125 1831 4193 προφορου-

1738 4200 1829 4289 μένω.

1046 4338 1153 4395 inserui
1167 4334 1197 4392 ἂν
1220 4348 1248 4393 ct
1259 4339 1401 4391 sententiae
1418 4339 1463 4411 (v.
1480 4337 1624 4409 Aristoph.
1647 4338 1712 4393 Pae.
1729 4335 1785 4414 24)
1806 4351 1832 4393 et

1045 4438 1136 4481 metro
1149 4437 1256 4499 aptum,
1267 4426 1403 4498 quodque
1418 4423 1552 4497 conjicias
1561 4425 1696 4479 excidisse
1709 4436 1778 4481 ante
1788 4427 1829 4504 α’ρ.

1044 4516 1144 4570 simile.
1157 4512 1307 4592 Ἀραχνικὸς
1318 4514 1419 4570 suidas
1430 4515 1459 4568 in
1470 4532 1552 4568 versu
1563 4514 1667 4582 Calliae,
1676 4515 1834 4589 maluitque

1045 4605 1074 4659 id
1089 4604 1285 4676 llernhardyus
1296 4605 1380 4658 etiam
1391 4605 1468 4678 apud
1480 4605 1571 4678 ipsum
1583 4601 1717 4671 Suidam;
1729 4605 1782 4660 sed
1792 4608 1833 4659 vi·

1045 4693 1129 4747 detur
1142 4693 1212 4748 nihil
1224 4692 1301 4746 aliud
1313 4711 1371 4747 esso
1383 4710 1469 4765 quam
1484 4691 1649 4768 άραχνικῶς,
1661 4692 1833 4766 interpreta-

1045 4791 1170 4834 mentum
1177 4782 1221 4834 τοῦ
1229 4777 1368 4857 άραχνικά.
1378 4777 1581 4856 ΙΙροροροιίμενα
1589 4780 1677 4852 vulgo
1684 4778 1752 4833 libri
1760 4800 1834 4855 prae·

1045 4878 1088 4921 ter
1099 4887 1198 4935 unum,
1209 4869 1254 4921 cui
1266 4868 1370 4924 Bernlr.
1383 4867 1582 4941 obtemperans
1591 4866 1671 4921 dedit
1682 4886 1833 4943 προρσροο·

1034 4952 1125 5029 ἐπάνω,
1138 4953 1216 5027 quod
1229 4955 1374 5027 Aristoph.
1391 4954 1475 5009 habet
1489 4958 1542 5009 dv.
1558 4960 1586 5019 4.
1601 4957 1644 5009 De
1656 4954 1714 5009 hoc
1728 4957 1828 5019 verbo,

1046 5044 1125 5117 quod
1146 5044 1263 5116 proprie
1278 5052 1420 5096 tentorum
1435 5047 1490 5110 est,
1506 5061 1534 5095 v.
1552 5041 1592 5096 ibi
1614 5041 1754 5115 interpp„
1767 5044 1834 5098 item

1047 5132 1192 5185 Pollucem
1209 5150 1236 5199 7,
1254 5129 1302 5197 32,
1315 5139 1343 5183 et
1355 5128 1575 5202 Xenophontem
1587 5128 1759 5201 Cynegetico
1770 5149 1833 5204 cap.

1047 5216 1076 5289 6,
1100 5216 1154 5286 15,
1175 5235 1248 5289 quos
1275 5216 1361 5273 Mein.
1388 5216 1523 5272 laudavit.
1550 5215 1630 5270 Idem
1649 5215 1696 5269 vir
1718 5218 1835 5272 criticus

1047 5306 1127 5360 addit
1146 5325 1153 5359 ε
1175 5330 1187 5353 ο
1205 5304 1308 5360 Eadem
1327 5304 1376 5359 sed
1398 5299 1500 5352 omisso
1526 5304 1620 5357 Calliae
1634 5320 1731 5371 versu,
1749 5306 1835 5362 babel

1046 5411 1163 5466 grainan.
1177 5393 1262 5454 oeta,
1275 5411 1305 5464 p.
1323 5397 1379 5456 442
1397 5392 1470 5463 init,
1485 5391 1535 5445 ubi
1550 5386 1623 5466 παρὰ
1636 5387 1762 5455 καλλίους
1773 5393 1836 5448 edi-

215 5478 420 5554 (Ῑοάιλρυλαση
434 5477 477 5553 (Α)
490 5499 512 5538 s.
525 5480 640 5557 ρῦλαση.
651 5481 741 5553 Vulgo
751 5478 836 5554 φῦλλα
847 5472 878 5533 σθ
890 5476 999 5534 δείπνων
1047 5490 1106 5534 ίυιιι
1125 5499 1178 5554 pro
1207 5476 1280 5556 παρδι
1307 5476 1421 5555 Καλλία.
1447 5478 1515 5535 lllilri
1534 5478 1634 5533 Suidas
1654 5497 1690 5532 ex
1715 5479 1836 5535 diversis

215 5564 381 5630 καταλύσεις·
401 5564 456 5635 ἡδί
469 5570 528 5625 καθ.
543 5588 628 5645 σχημ.
656 5570 713 5623 Nec
726 5567 841 5641 proficit
855 5569 907 5621 viri
920 5568 998 5622 docti
1046 5570 1236 5641 grammaticis
1248 5577 1382 5639 excerpta
1400 5576 1505 5621 temere
1520 5565 1712 5638 conjunxisse,
1733 5578 1764 5621 et
1776 5588 1834 5623 noa

215 5656 352 5729 scriptura
374 5655 414 5713 Φ.
436 5658 453 5724 ἣ
472 5655 498 5715 δ.
522 5653 664 5719 κατάλυσις
687 5653 733 5724 ἥδε
759 5657 817 5710 καθ.
843 5654 997 5730 σχημάτων.
1047 5652 1194 5731 ἀραχνυιά,
1221 5654 1270 5710 sed
1294 5651 1443 5730 ἀράχναι
1469 5655 1615 5727 scripsisse
1638 5653 1754 5709 videtur
1780 5655 1835 5711 lroc

224 5769 386 5783 ——n—o—

848 5774 958 5780 ..-.-.-.
977 5773 1392 5781 .-.—.......--.——.-.-.
1400 5773 1450 5779 a.-.
1460 5770 1833 5784 -...-..-.--.-—...—.n

511 5841 708 5896 CYCLOPES.

219 6008 346 6065 Citlmrus
367 6026 461 6078 assus,
486 6021 514 6068 et
532 5933 621 6077 δοῑίί,
639 6012 791 6085 thynuiqoe
816 6011 868 6067 ime
888 6012 1003 6083 capitale

850 6103 859 6167 [
870 6098 1000 6166 frustum,

116 6222 118 6226 >
219 6198 282 6237 caro
295 6184 438 6253 anguillae,
450 6186 540 6241 carabi
551 6227 558 6250 ,
572 6186 671 6253 lineus,
682 6187 836 6249 oclrarnus,
850 6185 945 6260 rnugil.

595 6280 620 6328 2.

219 6357 290 6428 Quid
307 6360 379 6414 enim
395 6361 484 6416 mollis
498 6360 625 6433 quaedam
636 6369 663 6418 et
675 6360 797 6419 delicate
811 6374 913 6418 meosae
926 6359 1000 6416 ionia

1051 5845 1124 5909 agat,
1140 5846 1169 5892 tu
1180 5836 1272 5891 dicito.

1428 5930 1444 5978 3

1051 6016 1084 6068 Et
1093 6014 1185 6085 aeeipe
1197 6013 1268 6069 lianc
1282 6010 1502 6083 raretaniptridem
1516 6011 1655 6066 sanitatis.

1427 6102 1454 6150 4.

1049 6189 1100 6241 lim
1113 6184 1223 6241 frondes
1234 6185 1308 6241 velut
1323 6182 1384 6237 linis
1396 6180 1500 6262 suerint
1508 6181 1662 6240 formamm
1673 6189 1800 6243 convivii.

1424 6274 1451 6321 7.

1047 6364 1217 6417 aranearum
1231 6356 1287 6415 sere
1302 6355 1384 6411 modo
1399 6355 1469 6412 viam
1484 6360 1628 6428 persecuti.
