4084 8009
205 1553 262 1602 528

303 1668 387 1738 -(’)
403 1664 438 1737 d'e
450 1663 556 1748 Kibefi’
572 1658 618 1730 ὅδ’
634 1659 804 1744 Ιπποκλῆς,

257 1787 272 1845 ὁ
288 1775 496 1870 ζωμοτάριχος
512 1774 683 1862 ὑποκριτάς.

208 1912 305 1967 hialim
319 1895 396 1968 Οἶδα
405 1901 482 1970 Κίλιξ
495 1914 550 1959 etc.

424 2034 531 2094 XXVl·
555 2027 784 2091 ΔΔΚΤΥΔΙΟΣ.

589 2178 615 2217 1.

251 2277 354 2335 Athen.
375 2292 421 2344 to,
436 2292 468 2348 p.
492 2270 566 2342 443,
584 2271 629 2327 E:
652 2267 740 2329 καλῶς
757 2262 821 2342 πρὸς
844 2258 902 2324 τούς
928 2255 996 2315 οότω

211 2365 356 2429 λάπτοντας
377 2362 420 2421 τὸν
433 2352 499 2420 οἶνον
514 2363 529 2417 ό
544 2356 619 2424 αὐτὸς
632 2354 692 2417 Ἀλ.
711 2358 740 2425 ἐν
750 2349 862 2430 Ὀπώρᾳ
883 2346 947 2428 φησὶ

211 2455 260 2511 κόν
270 2451 419 2529 Δακτυλίῳ,

714 1526 851 1588 MeotAE
872 1521 1079 1585 COMOEDlAE
1101 1516 1306 1591 RELIQUIAE.

1087 1655 1206 1728 τούτοις
1223 1649 1361 1723 detritae
1384 1648 1562 1737 προσγέγονε
1582 1644 1701 1737 χειμὼν
1719 1641 1831 1736 τρίτος·

1041 1754 1060 1826 5
1088 1755 1162 1823 ἐπὰν
1172 1754 1228 1850 γάρ
1243 1753 1263 1848 η’
1278 1752 1407 1844 ’κνερίας
1423 1750 1599 1841 καταιγίσας
1612 1753 1692 1844 τύγη

1089 1864 1131 1940 είς
1143 1868 1199 1937 τὴν
1210 1858 1331 1953 ἀγορὰν,
1348 1856 1456 1946 τοῦψον
1466 1856 1629 1950 πριάμενος
1643 1857 1770 1950 οἴχεται
1785 1906 1794 1936 ,

1089 1972 1182 2061 ρι’ρων
1200 1968 1280 2033 άπαν
1293 1963 1329 2031 τὸ
1342 1963 1474 2055 leuphis,
1488 1966 1566 2029 ὥστε
1580 1962 1718 2055 γίγνεται

1090 2078 1119 2140 ἐν
1132 2081 1197 2151 τοῖς
1205 2071 1349 2165 λαχάνοις
1360 2070 1395 2136 τὸ
1409 2069 1627 2159 λοιπὸνημῖνὴ
1642 2068 1748 2162 μάχη.

1042 2202 1144 2257 Versus
1163 2198 1212 2255 1·3
1231 2199 1316 2254 vertit
1334 2197 1477 2271 Turpilius
1492 2195 1522 2250 in
1533 2196 1679 2254 Demetrio
1689 2214 1742 2273 ap.
1756 2197 1834 2254 Non.

1042 2309 1072 2365 p.
1087 2288 1156 2357 488,
1172 2287 1228 2344 18:

1085 2392 1211 2448 Antehac
1225 2393 1247 2446 si
1260 2389 1349 2447 flabat
1362 2392 1459 2464 aquilo
1472 2402 1521 2447 aut
1534 2403 1638 2463 auster,
1650 2393 1754 2467 inopia

1019 2477 1023 2554 ,
1084 2491 1144 2536 tum
1158 2490 1218 2536 erat
1234 2480 1344 2553 piscati.

262 2564 329 2635 Εἶτ’
347 2569 405 2658 οὐχ
418 2562 559 2629 ἁπάντων
575 2558 640 2626 ἐστὶ
655 2558 693 2623 td
710 2556 826 2648 μῑθῦἕῑν
843 2553 934 2617 κακὸν
1045 2579 1113 2649 Quae
1125 2576 1237 2652 pridem
1252 2587 1455 2651 compararunt
1467 2577 1569 2652 Scalig.
1582 2577 1619 2632 ad
1630 2581 1710 2635 Varr.
1723 2597 1757 2653 p.
1778 2577 1837 2645 ees

263 2677 405 2766 μέγιστον
420 2670 599 2761 ἀνθρώποισι
609 2663 660 2730 καὶ
672 2657 923 2753 βλαόεριότατον;
1020 2691 1023 2704 ·

594 2812 622 2851 2.

256 2916 376 2972 Antiatt.
392 2931 423 2987 p.
440 2926 488 2984 9²,
507 2907 537 2976 5,
552 2902 716 2982 Ἐκκόψαι
733 2920 739 2957 :
756 2899 814 2957 ἀντὶ
828 2900 873 2955 τοῦ
893 2896 1000 2964 νικῆσαι

216 3000 314 3067 νόθοις.
339 2993 399 3058 Ἄλ.
429 2991 580 3070 Δακτυλίῳ.
605 2991 706 3048 Suidas
734 2998 762 3045 et
786 2990 910 3044 Zonaras
932 2986 999 3041 Lex.

216 3114 247 3168 p.
264 3092 338 3162 671,
365 3081 558 3156 Ἐκκόψαιι
582 3080 696 3148 νικῆσαι.
718 3072 799 3140 οότως
822 3069 878 3132 'Ab
906 3097 918 3121 ι
945 3069 1002 3127 Sed

218 3191 304 3255 poeta
317 3196 377 3234 non
395 3170 506 3250 ίκκόψαι
523 3169 704 3243 simpliciter,
723 3165 772 3223 sed
787 3161 897 3240 ίκκόψαι
913 3156 1002 3222 κόύοις

219 3266 335 3322 dixerit.
354 3288 366 3313 υ
384 3264 473 3317 Mein.

268 3405 389 3467 xxvtt.
412 3398 655 3468 ΔΗΜΗΤΡΙΟΣ,
676 3394 952 3466 tolleranter.

265 3526 336 3587 «Ex
353 3526 456 3582 Athen.
476 3530 522 3590 ιη,
538 3541 568 3597 p.
581 3518 655 3591 663,
672 3518 710 3589 C,
731 3518 879 3585 discimus,
899 3519 1005 3573 Deme·

222 3619 308 3673 trium
324 3615 406 3669 fuisse
419 3611 571 3686 repetitam
584 3609 779 3664 recensionem
795 3606 896 3661 fabulae
910 3603 1005 3660 Phile·

223 3708 281 3763 taeri
292 3704 408 3759 nomine
421 3700 569 3773 inscriptae.
583 3699 645 3769 Qua
659 3697 689 3751 in
703 3695 800 3752 fabula
811 3696 835 3750 si
845 3693 894 3753 Al.
908 3696 1007 3750 Deme·

223 3799 272 3853 trii
294 3792 463 3851 Poliorcetes
487 3787 585 3847 laudes
604 3784 774 3855 celebravit,
800 3792 930 3857 apertum
948 3790 1005 3851 est,

224 3889 273 3943 illa
286 3884 412 3943 Athenaei
433 3881 460 3952 6,
481 3901 509 3955 p.
525 3873 595 3952 abr,
612 3879 650 3952 B,
672 3878 703 3931 in
715 3893 775 3949 quo
793 3869 922 3945 Corydus
938 3887 1008 3945 per-

224 3976 381 4049 stringitur,
402 3986 437 4026 ex
451 3969 544 4044 prima
563 3966 688 4024 editione
699 3965 789 4037 petita
803 3979 873 4019 esse.
889 3960 1009 4034 Egregie

226 4063 341 4137 quidem
359 4060 394 4115 fr.
418 4060 437 4115 6
454 4057 589 4114 convenit
606 4057 637 4110 in
654 4053 829 4110 Demetrium
847 4050 1009 4123 juveniliter

226 4153 432 4218 lascivientem,
444 4147 494 4204 sed
506 4145 597 4202 fatcor
609 4155 715 4213 temen,
730 4142 804 4197 hanc
817 4139 902 4195 valde
916 4140 1009 4195 incer·

228 4254 285 4297 tam
303 4256 363 4296 esse
382 4236 583 4311 suspicionem.
603 4234 702 4289 Latine
722 4231 778 4286 hoc
793 4230 892 4286 drama
913 4228 1010 4285 reddi·

228 4330 301 4385 disse
314 4336 432 4403 putatur
445 4325 590 4400 Turpilius
604 4342 611 4377 ι
627 4342 655 4377 ν.
674 4320 793 4377 Casaub.
808 4318 844 4375 ad
863 4318 965 4375 Athen.
979 4316 1008 4386 8,

227 4438 258 4492 p.
275 4416 344 4485 338,
357 4418 392 4484 Ι),
407 4411 519 4471 etScal.
533 4411 663 4467 adVarr.
680 4409 708 4477 6,
725 4428 756 4483 p.
772 4406 829 4471 aas
841 4408 906 4481 Bip.
922 4408 1010 4462 Naevu

228 4505 404 4561 Demetrium
415 4502 552 4556 habemus
564 4499 642 4574 apud
652 4500 808 4553 Varronem
823 4496 844 4552 l.
859 4495 878 4548 l.
896 4518 908 4543 υ
928 4494 953 4547 E
966 4494 1010 4549 M.

610 4630 635 4667 1.

271 4721 373 4778 Athen.
391 4718 418 4789 8,
430 4737 459 4792 p.
475 4716 546 4786 338,
556 4720 582 4772 D
598 4711 676 4772 εἈλ.
689 4713 711 4769 δ’
724 4714 750 4769 ἐν
760 4708 906 4788 Δημητρίῳ
920 4706 1013 4768 ditt-

230 4806 274 4864 λόν
287 4830 345 4865 τινα
357 4806 480 4883 κωμῳδεῖ
492 4806 527 4867 ὡς
541 4802 659 4880 φίλιχθυν
671 4800 697 4856 ἓν
707 4798 822 4869 τούτοις,

281 4923 428 5014 Πρότερον
445 4920 499 5009 μὲν
516 4919 541 4984 εί
556 4920 690 4982 πνεύσειε
707 4919 811 5007 βορρᾶς
826 4911 844 4985 ἢ
861 4913 945 4987 νότος

281 5033 311 5094 ἐν
326 5038 363 5119 τῇ
377 5027 510 5117 θαλάττῃ
527 5024 684 5113 λαμπρὸς,
702 5022 782 5111 ἰχθῦς
798 5024 851 5083 ούκ
861 5014 896 5081 ἂν
908 5016 943 5088 ἦν

281 5123 379 5197 οὐδενὶ
394 5138 508 5222 ραγεῖν·
523 5127 582 5193 νυνὶ
597 5120 632 5193 δὲ
643 5128 714 5219 πρὸς
725 5133 788 5201 τοῖς
807 5126 954 5213 πνεύμασι

613 5310 639 5359 2.

304 5426 339 5437 -
353 5391 486 5451 Seit'Cilix
500 5391 545 5447 hic
556 5390 714 5463 Hippocles‚

235 5481 390 5540 salsamenti
404 5478 547 5551 injusculo
558 5476 675 5551 cupidus
686 5484 771 5533 actor.

535 5567 719 5623 ANNULUS.

236 5657 358 5715 Tandem
369 5672 424 5712 non
438 5662 480 5711 est
492 5655 614 5710 omnium
627 5653 743 5709 ebrietas
757 5650 859 5706 malum

238 5746 384 5802 maximum
411 5742 570 5799 hominibus
599 5750 629 5798 et
662 5738 873 5812 reprehensione
896 5733 1019 5806 dignissi-

903 5824 912 5889 [
923 5825 1019 5876 mum?

303 5917 531 5983 bellttum&
551 5915 606 5972 sive
623 5914 813 5974 sobeLtUbt
833 5910 965 5971 Ablhlt'S.

275 6087 399 6144 Antehac
408 6088 530 6161 quidem,
544 6088 567 6145 si
580 6007 676 6146 bodens
688 6089 772 6145 itabat
783 6087 824 6143 vel
836 6095 916 6144 notus

274 6177 303 6230 in
318 6176 385 6231 mari
397 6176 554 6245 vehemens,
569 6176 688 6249 piscibus
700 6192 782 6232 nemo
791 6182 897 6248 poterat

276 6261 363 6327 vesci;
379 6277 454 6318 nune
466 6270 558 6318 autem
572 6261 606 6318 ad
617 6262 675 6319 baec
687 6262 797 6318 llamina

277 6347 404 6426 l‘lrayllus
417 6349 530 6405 accessit
542 6350 620 6405 tertia
635 6357 783 6421 tenrpestns
799 6367 805 6403 :

1046 2666 1110 2739 Bip.
1136 2675 1164 2720 et
1185 2665 1329 2720 Victorius
1352 2667 1386 2721 V.
1413 2667 1448 2719 L.
1468 2682 1495 2734 7,
1523 2665 1570 2721 16.
1591 2668 1681 2722 Versu
1702 2684 1722 2721 α
1746 2663 1780 2721 ἃν
1803 2663 1837 2734 ἢν

1047 2754 1166 2810 Porson.
1181 2753 1274 2826 Vulgo
1290 2750 1360 2819 ἐνῆν.
1376 2755 1462 2808 Versu
1481 2750 1497 2807 3
1512 2753 1551 2807 ita
1570 2752 1735 2828 Schweigh.
1755 2753 1838 2809 uteri

1046 2840 1107 2912 νῦν,
1123 2850 1215 2897 metro
1236 2838 1423 2897 claudicante.
1440 2842 1475 2898 V.
1495 2837 1512 2894 5
1531 2838 1679 2916 legebatur
1700 2837 1772 2897 tet»
1785 2839 1838 2921 γὰρ

1047 2928 1133 3007 ἐκνερ.
1146 2933 1180 2986 V.
1195 2928 1259 2993 6ιῖς
1268 2948 1322 3003 pro
1337 2928 1363 2994 te
1376 2928 1463 2985 Dind.
1475 2932 1510 2989 V.
1526 2949 1542 2998 7
1554 2930 1629 2985 male
1644 2929 1712 2985 libri
1724 2927 1838 3009 ληῳοίν.

1047 3018 1080 3072 V.
1098 3015 1115 3072 8
1129 3017 1181 3072 suh
1196 3016 1256 3072 ictu
1269 3017 1435 3091 ponendum
1454 3028 1515 3073 erat
1530 3014 1675 3094 λαχάνοις,
1688 3036 1783 3093 querc
1798 3021 1839 3076 sie

1047 3104 1163 3161 scribo:

1098 3213 1249 3284 τὸλοιπόν
1266 3219 1297 3282 ἐν
1310 3217 1489 3309 λαχάνοισιν
1505 3224 1613 3310 sipiani
1630 3218 1730 3313 μάχη.

1430 3350 1458 3390 α.

1090 3447 1170 3502 Idem
1188 3445 1219 3516 6,
1242 3465 1271 3521 p.
1298 3448 1419 3515 ²412&
1436 3445 1472 3501 de
1490 3444 1623 3521 Corydo,
1645 3449 1775 3522 parasito
1798 3450 1840 3506 ia·

1052 3553 1150 3603 moso,
1163 3534 1279 3603 dicens,
1297 3535 1346 3606 qui
1357 3533 1468 3590 videtur
1481 3552 1566 3603 eum,
1582 3534 1660 3607 cujus
1674 3537 1734 3592 haec
1752 3538 1841 3594 verbe

1053 3624 1168 3679 fuerunt
1188 3624 1219 3678 in
1230 3622 1372 3691 dramate,
1395 3620 1433 3677 ad
1450 3622 1603 3695 prandium
1627 3624 1772 3694 invitasse,
1791 3626 1843 3682 illo

1053 3712 1210 3780 dubitante,
1235 3728 1272 3766 an
1287 3712 1349 3766 talis
1366 3711 1419 3764 viri
1442 3711 1572 3768 invitatio
1587 3712 1759 3789 accipienda
1777 3715 1813 3774 sit
1831 3734 1840 3773 ι

1053 3794 1112 3860 'Ab
1130 3796 1275 3878 Δημητρίῳ
1288 3794 1305 3868 ἢ
1318 3795 1479 3877 Φιλεταίρῳ,

1151 3948 1200 3957 —-
1221 3903 1295 3975 Δλλ’
1313 3906 1493 4000 αἰσχύνομαι

1104 3994 1159 4081 τὸν
1170 4005 1326 4106 Κόρυδον,
1339 4014 1372 4108 ,εἰ
1388 4005 1467 4094 δόξω
1481 4014 1657 4104 συναριστᾶν
1670 4041 1753 4081 τισιν

1105 4122 1183 4184 οότω
1199 4117 1377 4209 προχείρως·
1398 4121 1451 4181 οόκ
1465 4117 1653 4208 ἀπαρνοῦμαι
1669 4110 1701 4183 δ’
1714 4123 1810 4210 ὅμως·

1106 4214 1175 4289 οὐδὲ
1194 4221 1251 4315 γὰρ
1263 4226 1386 4306 ἐκεῖνος,
1402 4219 1440 4287 ’ἃν
1455 4230 1533 4315 καλῇ
1555 4250 1612 4299 τις.

1059 4354 1181 4408 hleinek.
1199 4380 1204 4408 :
1226 4381 1237 4402 a
1252 4356 1317 4409 Non
1331 4365 1402 4427 puto
1415 4355 1510 4408 locum
1522 4365 1702 4427 personatum
1715 4374 1796 4430 esse;
1813 4378 1846 4414 ac

1057 4440 1152 4496 nescio
1167 4461 1202 4496 an
1217 4453 1302 4515 poeta
1317 4443 1371 4497 tale
1386 4441 1458 4514 qnid
1470 4444 1612 4515 scripserit
1628 4462 1634 4497 :
1651 4441 1700 4498 κάν
1712 4466 1751 4507 τις
1766 4446 1848 4503 αὐτὸν

1059 4525 1096 4599 μὴ
1110 4529 1189 4605 καλῇ.
1207 4554 1218 4578 ν
1238 4531 1309 4583 Puto
1322 4531 1361 4584 sic
1377 4530 1450 4584 bene
1463 4530 1569 4585 habere
1584 4534 1764 4590 sententiam.
1789 4535 1848 4593 Ce-

1059 4627 1150 4671 terum
1163 4619 1251 4690 magis
1267 4618 1392 4691 placeret
1410 4615 1458 4672 -ἂν
1478 4617 1547 4694 καλῇ
1566 4639 1604 4684 τις
1635 4617 1672 4674 ἂν
1692 4616 1725 4675 δὲ
1741 4619 1806 4695 μὴ,
1825 4626 1849 4678 si

1059 4706 1207 4760 verisimile
1219 4717 1300 4779 essct,
1314 4706 1370 4761 hoc
1385 4707 1531 4765 excidisse.

1437 4816 1465 4873 3.

1101 4931 1177 4987 idem
1191 4952 1219 5002 7,
1234 4942 1264 5006 p.
1283 4930 1355 5006 314,
1369 4930 1404 5001 D,
1420 4931 1455 4986 de
1473 4931 1554 5007 νάρκῃ
1570 4932 1707 4987 disserens
1723 4931 1806 4993 τ’Δλ.
1825 4938 1851 4992 ἐν

1063 5017 1194 5098 Γαλατείᾳ
1258 5022 1283 5075 ἐν
1303 5020 1329 5075 δὲ
1342 5017 1500 5095 Δημητρίῳ,

1111 5121 1225 5198 distentu
1250 5134 1357 5225 νάρκην
1373 5129 1496 5215 diodor,
1510 5135 1720 5224 ἐνθυμούμενος
1733 5186 1741 5221 ,

1066 5310 1081 5357 5
1102 5305 1217 5362 simulac
1229 5310 1300 5362 enim
1312 5308 1380 5364 sorte
1395 5311 1501 5375 (velut)
1514 5326 1545 5364 er
1560 5310 1632 5364 nube
1648 5313 1838 5383 precipitatur

1100 5388 1129 5443 in
1139 5388 1246 5459 forum,
1262 5394 1375 5462 ‹ipsonio
1389 5402 1480 5465 empto
1491 5394 1563 5460 abit,

1101 5490 1183 5531 omne
1197 5476 1331 5548 reliquum
1348 5479 1488 5547 auserem,
1504 5489 1535 5536 ut

1103 5563 1241 5631 postea'de
1252 5563 1438 5634 leguminibus
1449 5566 1628 5638 pugnandum
1641 5568 1675 5624 sit
1685 5568 1772 5625 nobis.

1446 5690 1470 5737 9.

1102 5816 1136 5826 ·-
1150 5785 1202 5841 Sed
1220 5785 1303 5858 pudet
1317 5803 1361 5843 me

1068 5873 1182 5945 Corydi,
1197 5874 1219 5929 si
1234 5873 1344 5930 videbor
1358 5882 1413 5929 tam
1424 5874 1503 5931 tacite
1514 5873 1646 5947 prandere
1658 5890 1720 5931 cnm
1731 5877 1852 5949 quibus·

1789 5963 1857 6020 dam

1068 6047 1225 6103 hominibus
1240 6066 1245 6100 :
1262 6062 1311 6101 nec
1323 6053 1413 6101 tamen
1428 6063 1538 6113 recuso,
1769 5967 1779 6031 [

1067 6143 1098 6191 ιιι
1111 6151 1146 6192 ne
1160 6135 1205 6191 ille
1219 6135 1342 6207 quidem,
1358 6135 1455 6207 siquis
1469 6151 1531 6192 eum
1544 6136 1645 6193 inritet.

1444 6246 1469 6295 3.

1068 6345 1138 6401 bein
1152 6344 1322 6416 torpedincm
1334 6345 1436 6417 sumpsi
1449 6386 1456 6410 ‚
1473 6342 1642 6409 recordatus,
