4084 8009
874 1528 1076 1593 EPllll’PllS.
1197 1521 1200 1526 ’

535 1664 568 1723 L.

435 1793 665 1862 EPHIPPUS.

201 1962 212 1988 ι
234 1938 398 2012 Ephippus,
416 1936 503 1993 Suida
530 1948 667 2007 testante,
689 1937 864 1994 Atheniensis
893 1935 947 1991 luit

157 2037 186 2080 ct
199 2025 298 2080 mediae
309 2036 396 2100 poeta
408 2020 573 2099 comoediae,
587 2024 683 2098 quod,
696 2022 896 2080 confirmatum
910 2023 946 2079 eb

158 2113 301 2168 Antiocho
317 2112 511 2168 Alexandrino
528 2130 574 2187 ap.
589 2114 694 2169 Athen.
714 2131 760 2181 ιι,
771 2131 802 2187 p.
818 2111 886 2180 rsa,
904 2110 945 2185 C,

160 2202 243 2255 etiam
268 2201 321 2254 alia
337 2199 483 2269 indicent,
499 2201 577 2255 velut
595 2198 683 2255 derisi
701 2200 865 2258 Academici
881 2217 946 2254 cum

158 2290 220 2361 ipso
233 2289 351 2344 Platone
363 2306 411 2362 ap.
425 2289 490 2346 Atb.
504 2287 544 2346 ib.
557 2307 588 2364 p.
603 2286 674 2363 509,
688 2289 723 2356 C,
738 2286 776 2357 D,
789 2287 948 2346 ct'Alexnn·

107 2423 111 2429 .
158 2374 203 2428 dri
219 2376 325 2431 Pheraei
339 2376 421 2451 (Atb.
438 2375 465 2444 3,
485 2395 516 2451 p.
537 2394 604 2445 ιιι,
621 2378 644 2432 F
662 2381 690 2445 l,
713 2377 844 2449 Dionysii
857 2374 946 2448 majo·

158 2464 210 2530 ris,
241 2463 364 2535 Cotyos,
391 2463 553 2533 Theodori,
586 2465 764 2538 aliorumque
797 2464 947 2542 aeqnalinm

158 2547 241 2621 (Atb.
259 2568 305 2617 ιι,
325 2569 356 2625 p.
376 2548 448 2621 482,
468 2548 508 2629 D)
538 2553 784 2610 commemoratio.
807 2553 862 2608 Sed
882 2570 946 2607 car-

157 2636 233 2691 mina
246 2638 369 2712 elegiaca
378 2656 436 2693 non
446 2639 576 2714 scripsit,
587 2640 692 2713 nequis
703 2639 851 2695 Eustatbio
862 2636 947 2694 iidem

158 2723 276 2791 babent,
295 2725 401 2782 dicenti
423 2725 461 2782 ad
482 2725 562 2785 Iliad.
581 2745 636 2801 rr,
658 2727 729 2801 1597,
749 2746 778 2802 p.
795 2725 866 2803 879,
887 2726 945 2784 382

159 2809 219 2888 περὶ
229 2800 265 2869 ὧν
278 2809 438 2889 (Ἠλείων),
449 2811 489 2871 ὅτι
501 2811 546 2871 καί
558 2810 678 2888 μέθυσοι,
690 2813 735 2872 καὶ
745 2816 856 2893 ψεῦσται
866 2803 946 2885 ἦσαν,

160 2898 236 2968 δηλοῖ
250 2903 265 2957 θ
277 2899 394 2977 κωμικὸς
402 2897 555 2978 Ἔφιππος,
567 2899 648 2959 εἰπὼν

203 2999 284 3077 Ἦλις
296 3009 343 3070 καί
357 3010 460 3088 μιθύει,
470 3011 515 3070 καί
530 3008 667 3092 ψεύδεται·
680 3002 731 3079 οἶος
745 3011 858 3071 ίκάστου

241 3097 372 3176 οἰνίσκος,
383 3097 440 3171 τοίη
456 3098 501 3157 καί
517 3099 658 3158 συνάπασα
673 3099 756 3165 πολις.

162 3209 259 3283 (Libri
272 3228 355 3267 versu
370 3211 547 3270 claudicante
561 3200 646 3282 οἶκος,
664 3231 727 3286 quae
742 3214 789 3268 rel
805 3223 846 3268 est
857 3213 948 3269 inter-

160 3299 285 3373 pretatio
306 3300 434 3356 lectionis
451 3301 545 3370 vocis,
566 3303 612 3358 vel
630 3301 704 3357 forte
725 3291 859 3356 omissum¹
879 3320 948 3364 -κις-

161 3398 227 3443 ante
242 3408 298 3452 ·κος
319 3389 418 3445 simile.
438 3390 605 3445 Ammonius
629 3386 791 3459 ιΟίκίσκυς,
804 3386 833 3445 τὸ
856 3409 948 3462 μικρον

162 3472 292 3549 δωμάτων
309 3495 316 3531 :
334 3477 476 3551 aptissime
493 3477 563 3533 illud
584 3478 748 3552 oppositum
761 3478 793 3553 τῇ
808 3475 949 3553 συναπάσῃ

162 3558 246 3619 πάλιι.
262 3562 345 3621 Botlr.
358 3564 367 3637 )
379 3566 468 3639 Atqui
479 3566 535 3621 boe
548 3583 608 3621 non
624 3564 766 3639 Ephippi,
784 3564 834 3620 sed
847 3565 948 3620 incerti

86 3716 89 3720 .
161 3651 308 3725 scriptoris
315 3669 373 3708 esse
383 3653 567 3729 epigramma,
576 3653 769 3710 docetAthen.
782 3670 865 3726 ro,p.
877 3658 947 3727 lta,

161 3740 204 3808 D,
234 3740 302 3812 qui,
326 3738 446 3795 laudatis
471 3743 580 3816 aliquot
611 3743 739 3798 versibus
762 3760 796 3798 ex
819 3742 948 3798 Busiride

161 3825 303 3903 Ephippi,
318 3828 358 3883 sic
371 3832 465 3905 pergit
482 3850 488 3885 :
507 3826 636 3905 Πολέμων
658 3826 701 3899 θλ,
717 3830 743 3887 ἔν
762 3829 800 3908 τῷ
814 3829 881 3907 llepl
896 3831 947 3887 τῶν

161 3908 230 3967 κατὰ
245 3909 334 3980 πύλαις
357 3913 565 3995 ἐπιγραμμάτων
587 3914 647 3996 περὶ
663 3915 785 3988 Ἠλείων,
801 3916 948 3994 παρατίθε-

160 4020 205 4054 ται
218 3997 276 4057 τάδε
295 3998 325 4058 τθ
342 3992 513 4081 ἐπίγραμμα,
529 3993 609 4070 Ἦλις
625 4015 694 4075 etc.,
711 4025 746 4062 ex
765 4024 824 4080 quo
843 4024 948 4062 erroris

163 4090 244 4163 origo
257 4092 323 4147 satis
336 4094 546 4167 perspicitur.»
573 4096 716 4166 EMer'n.,
733 4095 783 4168 qui
804 4092 839 4149 de
862 4094 948 4149 titulis

161 4179 356 4253 superstitibus
367 4180 491 4258 disputat
503 4184 575 4242 Bist.
590 4185 653 4241 crit.
663 4185 743 4241 Com.
754 4202 785 4259 p.
799 4182 852 4240 351
866 4200 946 4257 seqq.

443 4368 466 4426 l.
488 4367 667 4428 nurnine.

206 4543 218 4569 ι
236 4522 299 4577 Boc
314 4522 398 4581 titulo
412 4516 451 4582 an
461 4526 580 4582 Dianam
596 4527 765 4582 intellexerit
785 4526 947 4601 Ephippus,

162 4609 304 4667 incertum
316 4624 371 4683 est,
386 4613 527 4688 siquidem
541 4615 664 4673 Artemis
682 4617 766 4672 etiarn
782 4617 885 4672 mulier
895 4634 948 4673 no·

162 4700 288 4755 minatur
300 4701 378 4776 apud
390 4704 547 4779 Diogenem
566 4706 660 4763 Laert.
677 4703 706 4773 3,
723 4713 771 4769 Aa.
791 4730 803 4755 ν
820 4707 845 4759 E
864 4706 907 4763 M.

201 4789 307 4847 Athen.
324 4789 353 4865 3,
363 4809 394 4865 p.
411 4810 478 4862 rra,
493 4795 515 4850 F
530 4810 537 4850 ι
550 4794 602 4849 τῶν
616 4790 644 4849 θλ
656 4791 794 4850 κολλικίων
808 4790 894 4869 ἄρτων
910 4792 948 4867 (ol

163 4873 237 4933 αύτολ
252 4874 277 4934 θ’
297 4876 348 4935 elul
368 4880 421 4944 τοῖς
443 4878 598 4956 κολλάύυις)
619 4876 753 4959 Ἔφιππος
776 4881 803 4937 ἐν
817 4878 948 4959 Ἀρτέμιδι

164 4963 320 5039 μνημονεύει
334 4963 430 5031 οθτως·

211 5088 290 5183 Παρ’
309 5082 500 5181 λλεξάνθρου
513 5084 546 5157 δὲ
560 5092 668 5159 κολικα
682 5096 783 5185 φαγὼν

213 5197 246 5258 ἐκ
260 5195 432 5272 Θετταλίας
448 5192 584 5289 κρίύανος
600 5196 713 5291 ἄρτων.

165 5327 337 5384 inconcinne
348 5338 377 5383 ct
385 5328 520 5385 mendose
531 5331 596 5385 libri
613 5328 745 5404 llep'lll.
758 5329 781 5386 δ’
792 5329 820 5386 ἐκ
830 5328 867 5389 Θ.
878 5326 951 5407 Ικύλ-

165 5412 227 5469 λικα
241 5434 270 5491 p.
286 5435 331 5486 κρ.
347 5412 375 5472 ά.
388 5418 536 5495 Aristoph.
549 5421 624 5478 llan.
640 5418 696 5491 537
715 5436 721 5476 :

205 5522 258 5600 ipis
270 5525 297 5583 dl
310 5524 355 5583 τὸν
367 5525 475 5608 λάρυγγ’
490 5526 521 5587 ἂν
536 5527 673 5606 ἐκτέμοιμί
686 5551 749 5599 σου,

205 5610 333 5690 δρέπανον
344 5613 465 5689 λσύούά,
477 5606 500 5697 ᾧ
510 5616 569 5683 τοὺς
582 5618 688 5684 κύλικας
698 5617 825 5683 ἔσπασας.

166 5726 212 5779 Sic
221 5727 455 5802 enimlegendum
467 5742 519 5800 est,
530 5731 673 5805 producta
683 5730 778 5786 media
789 5732 867 5785 vocis
877 5728 949 5786 κολι·

165 5834 211 5875 κας
228 5832 235 5870 :
248 5833 277 5872 ν.
290 5815 428 5891 Nicopbr.
440 5817 546 5895 Χειρογ.
564 5840 593 5888 a,
607 5820 659 5874 ubi
670 5820 756 5894 vulgo
766 5816 951 5891 κολλικαςρινν

165 5897 271 5967 κολίκας
284 5905 377 5978 prima
391 5918 536 5980 correpta.
560 5932 572 5956 a
594 5907 789 5964 Alexandrum
805 5908 950 5962 Pheraeum

470 6107 641 6162 ARTEAllS.

168 6218 246 6290 Apud
262 6220 447 6280 Alexandrum
458 6240 522 6282 vero
532 6242 602 6299 pane
611 6225 782 6285 succineritio
795 6240 904 6283 mmeso

166 6325 180 6365 e
192 6306 332 6366 Themalia
334 6309 442 6381 furnus
452 6329 571 6386 porum.

1717 1538 1775 1591 489

991 1674 1069 1721 recte
1089 1664 1221 1738 intelligit
1237 1662 1355 1720 casaub.
1376 1686 1388 1712 ι
1415 1663 1440 1716 E
1456 1662 1499 1716 M.
1522 1663 1702 1730 ·t10m0‚‹te
1718 1680 1779 1736 quo

992 1754 1095 1827 agitur,
1109 1749 1230 1829 κρίάανος
1244 1748 1330 1827 άρτων
1342 1760 1462 1805 rocetos
1474 1767 1532 1805 esse
1547 1748 1671 1818 ridetur,
1697 1751 1779 1823 quod

992 1851 1126 1915 tanquam
1128 1835 1378 1914 furnusplurimos
1383 1853 1470 1912 panes
1477 1836 1638 1912 deglutiret.
1645 1862 1657 1886 ι
1664 1836 1778 1895 Jacobs.

1259 1946 1297 2005 ll.
1321 1946 1510 2005 ΒΟΥΣΙΡΙΣ.

1036 2132 1048 2158 ι
1069 2107 1205 2164 Busiridis
1218 2106 1355 2175 fabulam,
1365 2117 1398 2162 ut
1406 2106 1443 2162 de
1452 2107 1636 2180 Tragieorum
1645 2108 1781 2181 operibus

993 2197 1121 2270 satyricis
1144 2208 1268 2268 taceam,
1288 2195 1475 2269 largissimam
1492 2194 1614 2251 Cornicis
1633 2197 1779 2251 materiem

992 2287 1145 2364 praebuisse
1172 2285 1279 2340 docent
1302 2283 1503 2358 Epicharmus,
1527 2283 1675 2353 Cratinus,
1698 2287 1781 2340 Anti·

992 2375 1100 2450 phanes
1106 2417 1115 2443 ,
1130 2370 1349 2441 Mnesimacbus,
1369 2389 1491 2445 quorum
1508 2374 1635 2427 omnium
1654 2392 1780 2430 comme·

993 2471 1141 2516 morantur
1158 2460 1260 2515 fabulae
1273 2457 1410 2515 Busiridis
1431 2461 1545 2515 nomine
1563 2461 1713 2536 inscripta.
1735 2462 1781 2519 Ad

994 2552 1096 2606 barum
1113 2567 1198 2604 unam
1211 2549 1353 2623 respicere
1363 2547 1476 2603 videtur
1489 2549 1544 2603 Dio
1565 2548 1782 2622 Chrysostomus

994 2639 1046 2697 0r.
1067 2637 1095 2707 8,
1113 2657 1145 2712 p.
1162 2635 1219 2692 286
1233 2654 1241 2694 ι
1254 2634 1298 2691 τὸν
1314 2631 1341 2691 δὲ
1360 2632 1483 2713 Βούσιριν
1499 2632 1581 2713 εὑρὼν
1607 2638 1778 2713 (Hercules)

994 2722 1064 2780 πάνυ
1078 2722 1231 2797 ἐπιμελῶς*
1243 2722 1371 2779 ἀθλοῦντα
1386 2720 1432 2779 καὶ
1444 2722 1476 2778 δι’
1491 2720 1554 2793 θλης
1566 2721 1667 2803 ἡμέρας
1681 2723 1782 2783 ἐσθίον-

994 2834 1027 2867 τα
1034 2851 1076 2883 ,...
1091 2808 1220 2890 διέρρηξεν
1239 2808 1283 2867 ἐπὶ
1297 2812 1345 2885 γῆν
1365 2807 1539 2882 καταύαλὼν,
1553 2808 1643 2891 ὥσπερ
1660 2811 1720 2877 τοὺς
1733 2817 1782 2871 θυ-

995 2897 1090 2965 λάκους
1101 2897 1160 2965 τοὺς
1173 2898 1273 2978 σρθδρα
1286 2897 1424 2974 γέμοντας.
1439 2923 1451 2948 ν
1462 2900 1488 2953 E
1499 2902 1545 2958 M.
1560 2902 1595 2956 In
1608 2901 1652 2956 bis
1662 2902 1782 2958 verbum

995 2988 1122 3045 ἀθλοῦντα
1137 2989 1323 3063 depravatum
1343 3006 1400 3043 esse
1422 2997 1542 3063 apparet
1565 3006 1573 3047 ι
1595 2993 1782 3064 nequeenim

995 3076 1032 3133 de
1050 3075 1186 3133 Busiridis
1205 3071 1289 3139 ἄθλοις
1311 3076 1468 3149 quidquam
1487 3078 1612 3133 innotuit
1632 3078 1676 3154 (v.
1692 3081 1781 3155 Apol·

995 3163 1091 3220 lodori
1106 3166 1231 3238 interpp.
1248 3181 1276 3233 a,
1290 3159 1318 3237 5,
1338 3160 1443 3240 11),et
1453 3164 1590 3220 abhorret
1603 3164 1689 3221 ἀθλεῖν
1699 3185 1715 3222 a
1726 3186 1782 3223 ro-

995 3254 1125 3321 racitate,
1139 3250 1274 3324 adquam
1289 3251 1411 3324 quadrat
1424 3248 1454 3307 τὸ
1474 3249 1569 3307 ἐσθίειν
1586 3249 1619 3308 δι’
1632 3250 1696 3322 ὅλης
1711 3252 1782 3329 ἡμά-

921 3386 928 3404 .
996 3338 1783 3418 pac.lgiturbuicsimilealiquodverbnmrestituendum

995 3440 1055 3499 est,
1070 3447 1163 3501 neque
1177 3429 1280 3484 dubito
1294 3430 1365 3501 quin
1377 3430 1433 3484 Dio
1452 3428 1555 3484 dixerit
1568 3428 1639 3485 πάνυ
1652 3429 1783 3504 θιιιμιλιῗνς

940 3566 946 3579 ,
995 3516 1141 3584 άλδοῦντα,
1154 3517 1189 3580 ὡς
1204 3514 1237 3571 δι’
1256 3509 1319 3584 θλης
1332 3516 1382 3588 Ap.
1395 3511 1522 3587 ἐσθίοντα,
1536 3516 1568 3575 h.
1584 3535 1608 3572 e.
1628 3524 1783 3574 accuratis·

993 3611 1064 3660 sime
1086 3610 1232 3670 nutritum,
1270 3608 1372 3678 quippe
1401 3604 1591 3659 comedentem
1618 3625 1674 3679 per
1697 3618 1782 3662 totum

994 3694 1077 3747 diem.
1092 3688 1230 3749 ’λλδοῦντα
1245 3684 1320 3746 ralet‘
1333 3688 1507 3765 θλδυύμενον,
1524 3711 1576 3747 usu
1596 3712 1656 3748 non
1670 3695 1782 3750 insolito

994 3782 1073 3837 verbi
1095 3780 1182 3835 activi
1199 3796 1252 3852 pro
1275 3778 1387 3853 passivo
1405 3780 1453 3834 vel
1470 3780 1579 3835 modio.
1600 3782 1731 3837 Ceterum
1747 3800 1784 3839 nc

994 3884 1128 3925 voracem
1141 3866 1258 3940 quidem
1269 3866 1314 3920 vel
1328 3866 1460 3940 gulosum
1477 3867 1525 3923 alii
1540 3867 1705 3923 describunt
1721 3871 1783 3925 Bn-

926 4008 932 4020 ,
993 3955 1122 4030 siridcm3
1135 3954 1185 4010 scd
1212 3964 1429 4009 consentaneum
1451 3965 1506 4025 est,
1521 3957 1642 4012 Dionem
1659 3956 1783 4030 Chryso-

994 4054 1118 4099 stomum
1131 4053 1197 4098 ante
1209 4043 1309 4097 oculos
1321 4041 1453 4097 babuisse
1465 4042 1602 4115 quosdam
1613 4040 1781 4118 scriptores,

995 4134 1046 4206 qni
1058 4132 1087 4187 id
1097 4130 1243 4189 referrent.
1259 4126 1313 4187 Καὶ
1325 4140 1352 4185 ct
1361 4129 1396 4193 ὡς
1408 4129 1528 4185 subinde
1540 4143 1712 4189 commutata
1723 4152 1783 4190 esse

995 4238 1012 4276 a
1026 4221 1164 4288 librariis,
1180 4237 1265 4275 nemo
1278 4220 1379 4275 nescit.
1770 4225 1774 4233 '

1034 4309 1138 4365 Athen.
1156 4326 1203 4377 ro,
1214 4326 1245 4382 p.
1260 4313 1337 4376 tta,
1353 4308 1380 4363 D
1397 4326 1403 4361 ε
1419 4306 1606 4382 κωμῳδοῦνται
1617 4306 1644 4363 δὲ
1654 4309 1690 4372 ὡς
1704 4305 1783 4382 μέθυ·

996 4418 1037 4453 σοι
1051 4394 1160 4470 Ἀργεῖοι
1173 4393 1220 4467 μίν
1234 4393 1280 4451 καὶ
1296 4392 1426 4470 Τιρύνθιοι
1439 4393 1490 4452 unt
1504 4394 1639 4474 Ἐφίππου
1650 4395 1676 4451 lv
1691 4396 1784 4454 Βοωί.

996 4483 1058 4561 ριθι·
1075 4483 1145 4539 ποιεῖ
1156 4481 1184 4539 δὲ
1195 4481 1238 4538 τὸν
1252 4478 1387 4560 Ἡρακλέα
1397 4477 1507 4558 λέγοντα

1045 4618 1110 4681 Οὐκ
1125 4610 1212 4680 οἶσθά
1228 4619 1260 4705 μ’
1278 4613 1371 4695 ὄντα,
1388 4614 1460 4708 πρὸς
1474 4614 1561 4697 θεῶν,
1573 4614 1726 4706 Τιρύνθιον

1047 4716 1179 4815 λργεῖον,
1197 4717 1227 4785 oi
1245 4720 1399 4811 μεθύοντες
1411 4716 1489 4812 (ἂν)
1503 4720 1550 4786 ἀεὶ
1560 4716 1616 4798 τὰς
1633 4721 1734 4813 μάχας

1044 4831 1143 4906 παίσας
1157 4825 1328 4921 μάχονται;
1343 4829 1373 4912 β.
1388 4826 1553 4920 Τοιγαροῦν
1569 4829 1705 4920 φεύγουσ’
1720 4828 1780 4894 ἀεί.

973 5041 976 5048 1
999 4976 1084 5029 Versu
1097 4990 1114 5027 a
1126 4968 1332 5043 dr,baustum,
1343 4972 1460 5046 opinor,
1473 4972 1509 5028 ab
1523 4968 1579 5042 del,
1594 4972 1674 5046 quod
1687 4976 1784 5048 seqni-

973 5056 977 5069 '
998 5071 1062 5131 tur,
1078 5061 1199 5131 immisi,
1212 5078 1249 5117 ne
1263 5057 1304 5117 dcl
1320 5062 1419 5135 priore
1438 5061 1522 5135 longa
1540 5062 1784 5135 pronuntiandum

997 5162 1068 5207 essct
1084 5169 1163 5207 secus
1175 5169 1207 5206 ac
1221 5152 1314 5207 solent
1327 5150 1447 5209 Comici.
1463 5151 1538 5205 llinc
1556 5153 1639 5224 petiit
1657 5152 1782 5208 Eustatb.

997 5240 1034 5295 ad
1055 5239 1137 5297 lliad.
1153 5257 1184 5313 p.
1212 5238 1302 5309 1178,
1324 5237 1372 5304 Bt.
1393 5237 1556 5294 Macrobius
1580 5238 1639 5295 Sat.
1661 5236 1690 5308 5,
1717 5257 1750 5293 rr
1772 5259 1779 5292 ε

998 5328 1170 5383 mrdtibibum
1185 5326 1272 5382 Ιισνυα
1283 5332 1363 5381 iseum
1371 5323 1465 5397 firisse
1483 5328 1556 5380 illiul
1569 5344 1624 5381 non
1638 5327 1782 5381 obscurum

998 5429 1192 5489 argumentum
1201 5427 1251 5485 est,
1262 5417 1337 5490 quod
1348 5415 1494 5489 Ephippus
1505 5421 1535 5469 in
1540 5415 1671 5468 Busiride
1678 5416 1784 5470 traducit

998 5506 1143 5559 Herculem
1157 5510 1198 5560 sic
1208 5506 1383 5579 loquentem:
1397 5502 1456 5560 Οὐκ
1465 5490 1539 5558 οίσθά
1551 5502 1580 5577 μ’
1590 5500 1665 5571 ὄντα,
1681 5512 1735 5560 etc.
1755 5527 1766 5551 ν

1247 5667 1299 5726 ΙΙΙ.
1321 5666 1535 5726 ΓΗΡῙῸΝΗΣ.

1042 5838 1055 5865 «
1079 5815 1112 5869 In
1135 5810 1254 5890 Γηρυόνῃ
1276 5824 1361 5888 poeta
1381 5815 1476 5869 nescio
1500 5832 1585 5887 quem
1609 5814 1784 5869 Macedonia

997 5904 1157 5978 principem
1168 5920 1218 5958 seu
1225 5901 1327 5958 ducem
1338 5900 1465 5972 induxit,
1476 5903 1613 5958 miracula
1622 5914 1783 5959 narrantem

1313 6103 1466 6161 nostrils,

1000 6206 1143 6273 Noscisne,
1161 6221 1210 6278 per
1220 6203 1301 6273 deos,
1314 6201 1360 6264 rire
1373 6219 1431 6263 esse
1441 6204 1616 6280 ‘tirynthium

976 6357 979 6370 ρ
1001 6292 1148 6365 Argivum,
1163 6291 1210 6367 qui
1220 6291 1287 6349 ebrii
1304 6307 1409 6365 pugnas
1419 6306 1527 6368 semper

977 6383 981 6441 i
1002 6393 1099 6437 omncs
1113 6382 1255 6456 pugnam?
1270 6378 1296 6436 b.
1311 6377 1417 6437 idcirco
1430 6393 1538 6452 semper
1551 6377 1669 6454 lugiunt.
