4084 8009
289 1547 347 1603 ⁴12

339 1676 378 1741 Et
393 1676 496 1750 θνητὸς
510 1672 551 1756 εἷ,
568 1679 725 1759 βέλτιστε,
741 1673 833 1747 θνητὰ
846 1675 898 1740 καὶ
913 1674 1022 1767 φρόνει.

633 1808 681 1870 dn,
702 1799 731 1857 b.

290 1896 364 1953 lbid.
385 1902 463 1966 adst
483 1914 489 1948 :

337 2011 382 2076 Τὸ
399 2014 439 2101 μὴ
456 2003 621 2076 συνειδέναι
634 2005 691 2102 γὰρ
706 2012 795 2074 αὑτοῦ
810 2018 854 2094 τῷ
871 2005 927 2093 βίῳ

337 2107 475 2205 ἀδίκημα
490 2105 586 2206 μηδὲν
598 2104 708 2187 ἡδονὴν
723 2117 839 2185 πολλὴν
853 2113 927 2202 ἔχει.

234 2311 236 2315 .
290 2244 379 2296 Verso
397 2260 408 2297 ι
424 2242 563 2297 librorum
578 2217 656 2298 αθτοῦ
667 2240 792 2296 correxit
800 2239 885 2298 llein.

626 2400 629 2407 ¹
657 2335 707 2404 43.

329 2432 371 2488 lb.
390 2450 440 2502 27,
454 2431 482 2488 5.

337 2548 489 2628 Ae‘enotv’,
504 2547 576 2611 όταν
591 2570 637 2622 τις
651 2546 809 2636 ὀμνύοντος
824 2555 1011 2637 καταρρσνῇ,

338 2648 362 2735 ᾧ
379 2656 420 2740 μὴ
435 2641 552 2716 σύνοιδε
565 2649 705 2743 πρότερον
721 2649 923 2742 ἐπιωρκηκότι

335 2755 420 2833 οὗτος
435 2764 626 2850 καταφρονεῖν
639 2764 699 2821 τῶν
715 2755 788 2820 θεῶν
805 2754 872 2850 ἐμοὶ
888 2746 975 2851 δοκεῖ

337 2861 389 2927 καὶ
403 2861 542 2955 πρότερον
556 2860 668 2952 ὀμόσας
683 2860 770 2936 αὐτὸς
785 2862 1012 2952 ἐπιωρκηκέναι.

288 2989 365 3045 Libri
379 3009 405 3046 ν.
419 3007 435 3044 a
447 2985 613 3065 ἐπισρκηκότι
628 3000 657 3045 et
675 3008 703 3046 ν.
721 2994 735 3053 d
752 2984 945 3065 ἓπιορκηκέναι.
970 2989 1075 3047 Emen-

289 3078 367 3133 davit
378 3078 522 3135 Gaissord.

655 3163 701 3223 Ιγίρ.

325 3250 401 3309 lbld.
414 3252 443 3308 8.

337 3360 364 3430 ὁ
379 3354 483 3439 διδοὺς
497 3361 550 3428 τὸν
566 3363 652 3455 ὅρκον
667 3386 713 3448 τῳ
731 3372 850 3453 πονηρῷ
871 3360 1023 3452 μαίνεται.

336 3468 517 3535 Τοὺναντίον
534 3474 564 3558 γ’
581 3464 616 3533 ἀν
634 3477 682 3534 νῦν
703 3478 838 3535 ποιοῦσιν
855 3468 885 3532 οἱ
900 3467 970 3532 θεοί·

338 3572 387 3639 ἐὰν
402 3576 563 3665 ἐπιορκησιρ
579 3598 639 3654 τις,
655 3573 744 3648 αὐτὸς
766 3573 870 3666 εὐθέως
1054 3656 1056 3660 .

337 3686 354 3745 ό
371 3671 473 3756 διδοὺς
493 3683 544 3744 τόν
559 3681 644 3771 όρκον
656 3680 766 3771 ἐγένετ’
784 3672 1016 3770 ἐμόροντησιος,

290 3782 310 3854 5
338 3782 424 3877 οἶμαι
442 3779 576 3869 δικαίως,
595 3788 643 3850 ὅτι
658 3782 854 3852 πεπίστευκέν
870 3809 943 3850 τινι.

289 3916 378 3969 Versu
392 3932 402 3968 t
418 3913 503 3988 posui
515 3912 638 3990 τιρ,1ι.ε.
654 3908 903 3969 rul.Lihriminus
913 3910 1030 3988 beneer'gi
1043 3929 1073 3971 π.

288 4004 320 4057 V.
338 4020 355 4057 α
370 4001 457 4058 iidem
471 4001 619 4073 frequente
628 4000 785 4073 sphalmata
794 3996 865 4057 τούν.
877 3994 928 4074 γὰρ
939 3999 995 4054 νῦν.
1010 4000 1045 4056 V.
1058 4004 1074 4064 l,

287 4087 356 4145 cod.
368 4084 484 4153 Αδιδοθς
504 4106 561 4162 pro
570 4085 766 4163 vulgatodode.
784 4086 920 4144 Praeterea
932 4085 1036 4160 legitur
1047 4087 1076 4142 in

289 4176 369 4232 libris
389 4173 583 4253 ἐμόρόντητσς,
598 4194 683 4232 versu
701 4174 820 4250 quidem
845 4171 1005 4245 deficiente,
1022 4192 1075 4231 nee

288 4277 384 4320 tamen
406 4264 612 4321 inferciendum
626 4264 681 4320 fuit
697 4265 733 4328 ὡς
747 4283 813 4319 cum
833 4262 1008 4331 Gaislordio,
1025 4264 1075 4337 qui

288 4349 474 4429 ἐμόρόντητος,
486 4353 520 4416 ὡς
532 4354 537 4429 l
549 4340 623 4426 οἶμαι
634 4351 669 4422 δ.,
679 4351 728 4408 sed
739 4350 922 4407 scribendum
931 4347 1075 4427 ἐμόροντή·

288 4459 357 4513 σιος,
370 4458 429 4512 quo
441 4449 552 4514 spectat
571 4458 676 4495 nomen
695 4435 888 4515 ἐμόροντησία,
902 4440 976 4493 sicut
995 4434 1075 4493 κακία

195 4550 196 4553 ’
287 4526 325 4581 ad
339 4524 428 4598 κακὸς,
443 4526 562 4601 μαλακία
577 4528 613 4583 ad
624 4525 753 4599 μαλακὸς,
762 4540 816 4583 etc.
835 4525 923 4598 llujos
937 4527 1076 4601 glossema

287 4628 328 4672 est
342 4614 526 4694 ἐμόρόντητος.
545 4618 683 4692 Analogia
699 4612 777 4674 caret
791 4635 807 4671 a
819 4617 952 4673 Salmasio
964 4634 1075 4689 propo-

286 4702 596 4782 οίῑιιιιιέμόροντήσιμος.

676 4798 703 4854 5.

326 4894 407 4950 stob.
426 4895 467 4949 ib.
483 4913 539 4969 29,
557 4893 605 4951 51.
655 4807 670 4865 l

383 5114 384 5118 ,
635 5065 679 5116 tt.
697 5076 723 5116 a.

285 5143 312 5200 Si
324 5143 445 5200 mortalis
455 5159 502 5212 es,
513 5145 631 5217 optime,
642 5146 725 5203 etiarn
735 5146 861 5203 mortalia
872 5146 969 5218 eogita.

632 5238 677 5286 42.
698 5231 725 5288 l).

285 5314 393 5372 Nullam
407 5317 530 5373 conscire
543 5317 596 5374 sibi
606 5319 635 5373 in
649 5319 705 5374 rita

285 5402 427 5473 iujuriam,
439 5404 607 5478 uoluptatem
623 5422 752 5477 magnam
767 5404 859 5462 affert.

652 5499 696 5549 ta.

186 5576 188 5580 ’
286 5576 749 5651 Hera,eiquisJ'orantemsperuit,

283 5678 368 5733 quem
378 5672 459 5720 antea
475 5665 608 5737 peJerassa
618 5666 721 5733 nescit,

286 5750 308 5805 is
321 5750 387 5806 mihi
398 5751 464 5808 deos
473 5768 599 5824 spernere
610 5751 716 5808 videtur

286 5844 314 5893 et
325 5844 403 5893 antea
417 5838 513 5911 Juraus
525 5838 583 5912 ipse
594 5838 734 5912 pejerasse.

654 5930 699 5980 tt.

320 6010 372 6081 Qui
380 6009 568 6082 Josjurandum
581 6009 627 6067 dat
637 6012 719 6069 alicui
732 6011 859 6085 improbo
870 6010 981 6069 delirat.

320 6096 491 6152 Contrarium
501 6094 613 6168 quidem
625 6114 700 6154 nune
709 6098 814 6155 faciunt
823 6098 860 6155 dii
877 6117 883 6151 :

321 6185 344 6239 si
354 6184 414 6256 quis
423 6185 565 6257 pejeravit,
577 6186 679 6258 quitali
692 6185 952 6259 datjosjorandom,

322 6286 385 6325 rum
401 6271 488 6341 ipsum
498 6272 588 6327 statim
604 6272 796 6345 consulgomre
806 6275 895 6330 solent

323 6356 432 6423 orerito,
445 6364 477 6413 ut
488 6356 619 6425 arbitror,
633 6361 697 6431 quia
713 6356 794 6417 tidem
806 6359 887 6417 adrui
903 6359 1006 6418 habuit.

806 1540 939 1600 llEDlAE
960 1536 1166 1599 coltOEDtAE
1188 1535 1389 1610 autthJtAE.

1169 1699 1229 1764 Τῆς
1244 1688 1417 1779 ἐπιμελείας
1439 1680 1534 1753 δοῦλα
1552 1685 1654 1752 ποίντα
1667 1686 1815 1780 γίγνεται.

1121 1834 1217 1888 Malim
1228 1833 1317 1887 vitato
1332 1831 1564 1900 homoeoteleuto,
1578 1831 1786 1905 elegantiusque
1800 1842 1829 1888 et
1846 1851 1906 1889 me·

1121 1920 1239 1975 lioribus
1258 1914 1535 1988 numeris,-rrulvr'
1546 1914 1583 1974 ἀν
1598 1940 1623 1993 γ.
1637 1917 1699 1974 Ηοο
1720 1916 1752 1975 ἂν
1765 1920 1801 1975 ab
1816 1922 1907 1994 impe·

1120 2010 1181 2064 ritis
1191 2026 1265 2082 saepe
1282 2007 1443 2083 neglectum
1460 2016 1518 2078 est,
1537 2018 1670 2080 tanquam
1691 2009 1803 2065 inutile.
1820 2009 1904 2068 Cant.

1123 2107 1248 2154 monost.
1264 2103 1336 2172 494.

1488 2207 1536 2273 46.

1158 2321 1238 2377 Idem
1253 2319 1294 2378 ih.
1310 2308 1359 2389 34,
1376 2328 1405 2386 4.

1169 2445 1233 2508 Οὐκ
1245 2443 1326 2507 ἐστιν
1345 2433 1431 2508 οὐδὲν
1441 2442 1603 2535 λεγόμενον
1616 2452 1746 2533 μακρῶς,
1760 2445 1809 2508 ὅτε

1168 2553 1184 2613 d
1197 2550 1294 2641 λέγων
1302 2552 1470 2614 ὑποτάττει
1484 2556 1548 2625 τοῖς
1560 2549 1662 2641 λόγοις
1676 2547 1716 2615 τὰ
1728 2549 1905 2641 πράγματα.

1119 2691 1212 2746 Trinc.
1227 2688 1387 2767 Ἀντιλόχου.
1400 2692 1539 2749 Gesnerus
1554 2708 1562 2748 t
1579 2690 1740 2758 Antilochi,
1759 2693 1833 2746 alios
1847 2696 1907 2745 Au·

1120 2779 1252 2853 tiphonis.

1491 2897 1537 2962 tt·

1160 3001 1241 3059 ldem
1256 3003 1294 3062 ib.
1308 3002 1357 3074 37,
1376 3003 1420 3074 ιθ,
1435 3014 1462 3059 et
1476 3001 1680 3061 Arseniuslon.
1691 3022 1720 3077 p.
1739 3022 1804 3077 129·

1169 3116 1286 3209 Τρόπος
1299 3110 1415 3195 δίκαιος
1428 3127 1533 3209 κτῆμα
1546 3120 1749 3207 τιμιώτατον.

1485 3249 1534 3315 48.

1162 3360 1207 3416 lb.
1225 3358 1275 3430 51,
1291 3360 1337 3419 ιθ.

1170 3468 1246 3541 Επεὶ
1259 3472 1317 3566 γὰρ
1334 3475 1529 3548 ἀποθνήσκειν
1542 3474 1658 3568 ἀνάγκη
1673 3475 1820 3568 γίγνεται,

1170 3579 1207 3643 τὸ
1227 3586 1324 3672 προῖκ’
1342 3580 1498 3647 ἀποθανεῖν
1517 3584 1582 3647 ἐστι
1596 3580 1706 3673 ρανερά
1726 3576 1831 3673 ζημία.

1489 3717 1538 3785 49·

1162 3824 1207 3883 lb.
1225 3823 1273 3896 53,
1287 3843 1317 3899 9.

1169 3939 1224 4017 Τίς
1238 3931 1267 4005 δ’
1280 3938 1348 4031 οὐχὶ
1362 3939 1488 4007 θανάτσο
1503 3939 1702 4032 μισθοφορῶν,
1717 3935 1742 4002 ὦ
1757 3937 1905 4029 ριλτοὶτη,

1170 4043 1201 4122 ὃς
1219 4047 1306 4112 ἕνεκα
1322 4054 1375 4112 τοῦ
1394 4039 1448 4123 ζῆν
1465 4047 1562 4137 ἔρρετ’
1580 4044 1834 4135 ἀποθανοόμενος;

1122 4175 1209 4229 Versu
1222 4192 1235 4229 1
1252 4172 1319 4232 cod.
1335 4176 1384 4243 A,
1394 4177 1487 4248 vose,
1499 4174 1594 4230 Trinc.
1605 4170 1779 4251 μισθοφόρων.
1792 4174 1907 4229 Grotius

1121 4258 1286 4338 μισθοφόρος.
1304 4259 1451 4317 Audacior
1465 4261 1576 4317 Jacobs
1596 4264 1688 4343 Lectt3
1703 4262 1785 4317 stou.
1802 4279 1832 4335 p.
1853 4280 1907 4335 97,

1121 4345 1156 4405 Τί
1166 4346 1269 4426 δ’,οόχὶ
1278 4344 1382 4425 θανάτῳ
1391 4350 1554 4427 μισθοφορῶν
1568 4346 1711 4427 ὀφείλεται,
1721 4345 1908 4417 ὃςεῑο.,ποεῑε

1121 4446 1217 4492 tamen
1230 4437 1405 4513 μισθοφορῶν.

1494 4546 1541 4605 50.

1160 4661 1202 4717 lb.
1217 4661 1267 4734 62,
1278 4681 1308 4736 9.

1170 4776 1272 4858 Δοόλῳ
1288 4771 1357 4866 γὰρ,
1372 4747 1477 4863 οἶμαι,
1491 4764 1637 4863 πατρίδος
1654 4773 1856 4862 ἐστερημένῳ,

1168 4879 1297 4969 χρηστὸς
1311 4878 1467 4969 γενόμενος
1486 4869 1655 4960 δεσπότης,
1673 4875 1756 4942 ἐστὶν
1773 4877 1890 4967 πατρίς.

1117 5146 1272 5219 Diligentiae
1281 5144 1373 5201 omnia
1384 5064 1534 5200 serviunll'

1116 5317 1196 5375 Nulla
1209 5326 1250 5374 est
1260 5316 1456 5387 languorum,
1470 5236 1531 5371 slffi'

1115 5415 1206 5464 orator
1216 5404 1377 5462 subordinat
1387 5403 1468 5460 dietis
1480 5403 1564 5460 faeta.

1117 5584 1226 5638 Momm
1239 5579 1386 5652 proborum
1402 5498 1537 5650 pesullo
1548 5586 1591 5634 est
1604 5576 1888 5634 honorificentissima.

1117 5755 1253 5827 Quoniam
1266 5752 1339 5811 enim
1350 5752 1419 5809 mori
1430 5671 1616 5823 nosllnortet,

1117 5842 1202 5913 gratis
1214 5840 1282 5897 mori
1291 5840 1398 5912 jactura
1411 5845 1461 5895 est.

1493 5928 1538 5979 to.

1120 6015 1188 6086 Quis
1198 6028 1256 6068 nou
1268 6019 1310 6068 est
1323 6011 1419 6069 mortis
1433 6009 1635 6077 mercenarios,
1652 6007 1833 6072 amicissima,

1121 6100 1167 6172 qoi
1178 6100 1239 6155 vitu
1250 6114 1334 6155 causa
1348 6099 1429 6154 morti
1443 6097 1552 6154 obviarn
1567 6097 1608 6153 it?

1491 6189 1537 6240 to.

1121 6278 1204 6330 Servo
1220 6275 1309 6341 enim,
1325 6273 1432 6346 opinor,
1446 6273 1531 6342 patria
1542 6270 1644 6343 privato

1123 6361 1238 6434 probum
1248 6376 1277 6418 se
1288 6359 1412 6433 praebens
1421 6356 1551 6416 dominus
1560 6364 1601 6414 est
1612 6357 1708 6428 patria.
