4084 8009
367 1609 397 1651 rr
905 1598 1120 1659 tentatio.

363 1742 493 1822 arguta
508 1725 801 1795 admnbratioues
821 1728 897 1797 sine
914 1729 964 1797 rei
987 1729 1033 1803 de
1052 1755 1122 1825 qua
1149 1732 1264 1823 agitur
1281 1732 1476 1825 specimine
1493 1734 1632 1803 siucero
1652 1748 1686 1803 et

364 1851 485 1921 nativo
502 1851 733 1921 documento.
757 1856 838 1920 Haec
861 1852 969 1946 igitur
987 1854 1058 1922 veri
1075 1868 1182 1949 atque
1198 1853 1303 1923 solidi
1324 1853 1432 1924 studii
1450 1856 1485 1924 in
1503 1857 1634 1925 Graecis
1649 1858 1687 1926 ii·

364 1976 448 2045 teris
467 1976 611 2045 materia
628 2000 672 2044 ne
694 1974 830 2043 diutius
848 1973 1111 2046 desideraretur
1127 1977 1162 2045 iu
1181 1976 1294 2047 Gattia
1312 1993 1451 2062 nostra,
1468 1993 1550 2046 ante
1563 1981 1685 2049 omnia

363 2096 657 2192 prospiciendum
685 2122 763 2167 esse
792 2097 935 2191 putavi,
966 2121 1185 2194 quamquam
1218 2097 1330 2193 probe
1366 2097 1520 2167 sciebam
1554 2099 1684 2169 molem

362 2243 470 2313 quam
500 2219 604 2290 volvo
624 2221 675 2290 sic
691 2221 840 2289 immani
866 2221 1027 2315 pondere
1043 2237 1186 2290 arietum
1211 2222 1264 2290 iri.
1293 2221 1362 2290 Sed
1387 2222 1473 2315 qaid
1497 2246 1560 2289 non
1577 2230 1685 2292 viarii

361 2366 455 2409 amor
471 2342 592 2435 patria
608 2341 714 2411 simul
729 2357 765 2411 et
779 2348 981 2412 Graecarum
1004 2342 1209 2412 literarum?
1227 2346 1307 2412 Non
1327 2342 1438 2413 modo
1458 2358 1574 2439 partes
1589 2346 1686 2413 roin-

363 2469 517 2549 minum,
536 2467 597 2538 sed
613 2469 750 2561 integra
776 2469 958 2539 volumina
976 2494 1049 2538 non
1066 2492 1179 2563 pauca
1200 2484 1235 2538 et
1252 2467 1385 2561 majore
1406 2470 1533 2538 ceteris
1547 2470 1685 2566 impen-

360 2589 422 2660 dio
447 2614 530 2661 eum
554 2591 590 2660 in
607 2589 718 2661 finem
739 2592 959 2661 Bibliothecae
979 2606 1108 2661 nostra
1125 2592 1321 2685 adjecimus
1331 2591 1394 2685 C),
1415 2607 1470 2676 ut,
1489 2617 1555 2661 suo
1577 2592 1683 2686 digna

363 2717 526 2801 nomine,
542 2714 664 2785 omnia
681 2714 822 2809 colligat
839 2730 874 2785 et
892 2716 965 2784 suis
989 2714 1076 2784 iocis
1096 2728 1248 2810 reponat
1268 2738 1503 2810 quacumque
1523 2740 1564 2783 ex
1581 2718 1683 2809 graeci

361 2839 495 2934 ingenii
515 2839 761 2910 monumentis
777 2839 917 2933 scriptis
935 2838 1121 2907 interitum
1140 2837 1353 2933 effugerunt.
1370 2841 1437 2923 lta,
1449 2839 1682 2934 superstitum

361 2962 536 3058 fulgorem
556 2961 720 3056 undique
736 2962 902 3055 cingente
923 2960 1147 3057 perditorum
1165 2961 1291 3031 umbra
1313 2963 1493 3043 tenuiore,
1513 2976 1682 3056 tanquam

358 3083 480 3155 tabula
496 3082 640 3154 artificis
656 3108 766 3154 manu
785 3084 879 3179 picta
891 3081 1013 3179 prodit
1027 3084 1160 3154 Graecia
1176 3082 1324 3153 literata.

335 3251 336 3255 =
408 3212 509 3277 itanc
528 3207 683 3276 instituti
701 3206 770 3275 mei
785 3220 920 3301 partem
940 3204 1062 3300 paullo
1074 3205 1243 3274 disertius
1258 3207 1568 3277 commemorandi
1584 3233 1683 3277 occa·

359 3331 498 3399 sionem
517 3328 749 3423 praebuerunt
771 3325 963 3397 Comoediae
980 3342 1167 3423 poetarum
1193 3325 1387 3422 fragmenta
1405 3346 1533 3400 cuncta
1556 3331 1591 3399 in
1613 3329 1682 3401 hoc

358 3449 544 3521 volumine
563 3450 834 3547 comprehensa.
865 3453 925 3519 Est
942 3449 1040 3518 enim
1060 3446 1117 3517 illa
1138 3472 1285 3544 quoque
1302 3450 1394 3519 inter
1410 3450 1555 3521 acerbas
1567 3450 1681 3544 jactu·

251 3648 253 3651 Α
358 3599 430 3659 ras,
447 3598 536 3671 quas
552 3574 657 3669 longa
674 3590 875 3669 temporum
892 3572 1073 3642 barbaries
1092 3571 1199 3641 nobis
1217 3572 1359 3642 inflixit.
1380 3577 1431 3642 De
1454 3573 1556 3667 cujus
1575 3599 1681 3669 gene·

359 3696 460 3766 ribus
476 3720 598 3793 pauca,
615 3720 694 3790 quae
706 3695 935 3791 potissimum
946 3687 1104 3765 'tenenda
1117 3709 1220 3778 sunt,
1238 3696 1273 3764 in
1289 3696 1497 3764 universum
1508 3694 1682 3765 disserere

357 3820 456 3891 libet.

409 3946 451 4012 Ut
468 3956 585 4012 cetera
600 3941 735 4037 poesis,
757 3941 804 4009 ita
820 3938 1004 4009 Comoedia
1023 3964 1154 4034 graeca,
1171 3965 1255 4011 cum
1273 3940 1454 4013 Bacchicis
1471 3941 1579 4012 sacris
1593 3964 1681 4012 con-

355 4066 504 4159 juncta,
524 4065 697 4135 obscuras
716 4063 841 4136 habuit
857 4064 1011 4157 origines
1026 4064 1178 4159 primas,
1196 4064 1389 4159 dequibus
1406 4066 1472 4160 ipsi
1497 4080 1633 4135 veteres
1647 4081 1679 4135 et

387 4325 418 4379 (Ἴ
435 4321 513 4369 titiam
527 4321 545 4367 si
560 4332 608 4383 qua
624 4318 782 4379 cognorimus
794 4315 881 4366 inedita
894 4316 1026 4375 traamenta
1037 4320 1081 4365 aut
1092 4322 1204 4379 excerpta
1215 4317 1305 4365 serrari
1317 4317 1341 4365 in
1354 4316 1518 4377 bibliothecis,
1533 4331 1630 4380 operam
1642 4321 1682 4369 rte-

356 4408 446 4468 nimus,
460 4410 487 4457 nt
499 4406 536 4457 tris
550 4419 647 4469 qnoque
661 4410 772 4456 veterum
786 4404 929 4466 teriptornm
942 4402 1048 4467 reliquie
1058 4407 1210 4465 augerentur.
1223 4404 1262 4452 Sic
1278 4413 1351 4452 nom
1361 4405 1441 4465 parter
1452 4403 1567 4454 tibrerunx
1578 4406 1681 4466 Dionysii

356 4494 578 4556 tintteamaaaensis,
590 4495 691 4557 Dexippt
701 4496 726 4543 et
736 4494 892 4555 traginentnm
906 4494 1004 4541 unicum
1016 4491 1213 4542 ionioutriatorta
1226 4490 1320 4541 Eumbti
1332 4491 1475 4554 protulimus
1488 4506 1519 4540 ex
1531 4493 1681 4542 Constantini

356 4584 504 4648 porphyrog.
520 4587 693 4645 Excerptorum
708 4582 785 4644 eapite
800 4583 856 4644 tinet
874 4582 1024 4645 rotimum,
1038 4580 1124 4643 parurn
1133 4580 1205 4629 attnto
1221 4593 1249 4627 ex
1270 4578 1364 4629 Gracia
1381 4577 1513 4627 attinoide
1524 4580 1608 4638 Mutii
1625 4580 1683 4628 alias

356 4678 435 4733 partae
447 4672 523 4733 magis
537 4671 677 4732 conspicuae
695 4669 803 4729 eiusdem
816 4668 936 4728 Dionysii,
950 4680 1021 4729 porro
1039 4666 1130 4728 Potybii
1141 4668 1167 4715 et
1183 4665 1296 4723 Diodori,
1317 4678 1346 4713 ex
1361 4664 1493 4713 eorundem
1508 4667 1682 4726 excerptorum

356 4759 434 4818 eapite
445 4760 502 4822 Περὶ
514 4759 644 4806 turnum
655 4758 677 4804 in
691 4756 849 4805 beennatensi
860 4754 1004 4805 bibliotheca
1015 4756 1144 4812 meren,
1156 4755 1287 4813 prasertim
1299 4765 1354 4800 rere
1365 4751 1511 4813 amplissima
1520 4754 1545 4802 et
1553 4754 1641 4802 summi
1652 4754 1681 4800 art

355 4857 452 4893 omnem
470 4857 519 4893 rem
537 4843 673 4891 tristorteam
688 4843 804 4891 momenti
821 4844 934 4902 excerpta
951 4840 1111 4889 Historiarum
1125 4839 1215 4888 tiimini
1228 4841 1382 4897 nanrasteni,
1393 4852 1407 4886 a
1418 4838 1512 4888 ttittero
1521 4839 1584 4888 titius
1595 4838 1680 4887 bibito·

355 4932 432 4981 ttrenr
447 4929 599 4993 exploratore
617 4929 731 4977 detecta:
748 4940 803 4992 qne
819 4928 843 4974 in
864 4927 1004 4986 [timentem
1018 4923 1108 4974 nostrie
1121 4926 1256 4985 sumptibus
1268 4926 1388 4986 proiectus
1401 4926 1471 4987 piene
1483 4930 1508 4975 et
1523 4929 1631 4974 eoourate
1643 4926 1682 4975 de

356 5022 444 5082 scripta
456 5017 539 5069 retutit
551 5021 579 5068 c.
593 5016 720 5069 uerteret.
735 5016 801 5065 idem
813 5030 826 5061 e
839 5013 961 5063 codtcttrux
974 5012 1087 5063 Paristnis
1096 5015 1149 5061 tum
1159 5011 1401 5063 Peerrdooattiettrenis
1411 5025 1474 5073 opus
1487 5014 1615 5073 protraxit,
1631 5018 1681 5063 tum

356 5108 486 5169 traginenta
510 5106 610 5155 ioannis
632 5105 772 5155 antiocheni
792 5104 899 5151 adauxit.
915 5102 960 5151 tiis
976 5114 1038 5151 nora
1053 5114 1107 5150 mox
1123 5102 1147 5148 in
1165 5101 1278 5150 auctario
1295 5103 1491 5163 fragmentorum
1511 5102 1681 5152 ttiatorioornm

355 5194 484 5254 anement,
497 5206 552 5254 oue
563 5206 592 5243 ex
605 5192 667 5242 tibro
682 5189 843 5241 nacorietenai
855 5188 1045 5241 Butaematerna
1056 5187 1188 5249 deecriimt.
1200 5190 1225 5237 ta
1236 5188 1299 5237 enim
1312 5199 1375 5236 nunc
1386 5188 1464 5249 ipsum
1476 5189 1500 5238 in
1512 5190 1634 5250 nemora
1644 5190 1682 5237 u-

355 5280 481 5332 btiottreeia
493 5286 614 5341 vereatur,
628 5280 693 5332 unde
704 5279 755 5343 jam
775 5279 906 5328 Aristotelis
916 5278 1064 5339 proetemeta
1079 5275 1167 5325 inedita
1184 5276 1247 5326 eruit
1262 5281 1348 5325 noetroe
1362 5275 1459 5324 edition
1476 5277 1608 5336 inserenda,
1620 5292 1680 5337 pre-

355 5376 421 5422 terea
433 5371 533 5420 tebettas
545 5383 575 5418 ex
592 5371 678 5421 tteirrio
698 5380 825 5433 expressae
840 5366 933 5429 otiaque
948 5366 1047 5418 minoria
1061 5366 1187 5417 momenti.
1199 5364 1294 5415 inedita
1306 5363 1430 5426 romptora
1445 5365 1468 5413 in
1485 5365 1681 5425 cengreptronnn

357 5461 476 5509 itinerum
490 5460 652 5509 nutriminibus
665 5458 810 5521 prodibunt,
827 5460 942 5519 preterea
955 5455 1071 5505 Ptiaoiani
1090 5451 1226 5516 pnmnpht
1239 5464 1301 5514 opus
1317 5451 1339 5499 in
1353 5451 1440 5501 Piottui
1458 5452 1596 5511 volumine,
1610 5455 1635 5500 et
1652 5466 1680 5501 ex

355 5548 439 5597 cerdice
451 5547 578 5597 t‘erisienai
591 5547 698 5596 Narratio
707 5542 740 5594 de
752 5544 877 5608 apottonto
890 5543 979 5604 Tyrio,
990 5543 1048 5592 otim
1058 5555 1088 5592 ex
1098 5539 1310 5604 interpolatisaimo
1323 5541 1460 5597 ingonem
1469 5538 1540 5586 etta.
1554 5541 1681 5587 Poetarum

355 5648 488 5695 groeoorum
504 5639 561 5682 ante
579 5630 699 5694 inroflnita
717 5633 850 5694 iragmenta
864 5630 1048 5680 Letronniusex
1063 5642 1154 5692 papyro
1165 5628 1237 5687 eruit,
1254 5627 1283 5675 att
1295 5626 1386 5674 onirrxn
1399 5623 1576 5684 Aristophanis,
1590 5624 1613 5671 in
1624 5625 1681 5671 atio·

258 5762 263 5771 .
356 5737 402 5784 que
418 5724 541 5773 rotnmine
555 5721 684 5771 Diittnerua
697 5734 727 5769 ox
747 5718 846 5782 antiquo
867 5718 949 5768 codice
971 5718 1108 5767 Ftorentino
1132 5717 1228 5766 initium
1246 5720 1271 5764 et
1295 5712 1450 5775 paraphrasin
1467 5711 1551 5771 integri
1571 5712 1682 5759 meminis

357 5815 455 5863 Maximi
471 5814 522 5876 περὶ
534 5817 672 5875 aaronem,
686 5810 757 5870 enirn
768 5812 901 5858 extremam
912 5808 984 5857 morio
997 5816 1088 5871 partem
1105 5812 1224 5856 tenemus.
1240 5805 1290 5853 Atia
1300 5803 1357 5853 aiibi
1372 5816 1434 5851 nore
1451 5815 1479 5850 ex
1492 5800 1614 5850 mniubux
1626 5815 1678 5861 prn-

356 5902 441 5960 dmzta,
454 5902 587 5963 armeno
605 5903 628 5949 in
639 5899 752 5958 nitentia,
764 5898 804 5946 itia
814 5902 894 5947 eutem
904 5910 960 5959 quae
972 5897 1008 5944 rir
1023 5895 1165 5944 immortalis
1174 5893 1277 5953 angetur
1289 5891 1366 5941 Maius
1375 5891 1463 5950 nitique
1472 5890 1622 5946 detexerunt,
1633 5891 1681 5936 mis

286 5980 290 5987 ’
357 5999 460 6048 (irimque
475 5988 552 6050 ionis,
566 5991 593 6036 ut
607 6001 704 6048 terrerum
719 5988 778 6041 erut,
791 5984 883 6034 reddite
897 5990 920 6030 rt
929 5984 1072 6045 pierrtmque
1083 5981 1244 6030 emendatiore
1259 5979 1403 6028 retenentur.
