4084 8009
198 1497 267 1550 ,θθθ

211 1617 232 1689 5
259 1613 354 1714 ὅμως
364 1615 419 1705 δέ,
434 1621 546 1687 τούτων
557 1615 584 1684 εί
594 1642 631 1708 με
647 1616 860 1711 προσγελάσειέ
874 1642 941 1701 τις,

259 1721 378 1795 ἐδίδουν
394 1723 538 1807 στενάξας
553 1722 661 1790 ὁπόσον
676 1723 812 1795 atricae
826 1745 880 1814 με·

258 1834 386 1926 γόγγρον
405 1832 478 1923 μὲν,
493 1834 591 1922 ῶσπερ
607 1833 624 1895 θ
643 1825 782 1920 Πρίαμος
795 1828 847 1897 τὸν
858 1818 991 1921 θκτορα,

258 1940 325 2005 ὅσον
345 1936 477 2004 εἵλκυσεν
489 1984 498 2021 ,
515 1944 639 2002 τοσοῦτο
653 1932 794 2011 καταθεὶς
808 1933 968 2027 ἐπριάμην.

210 2133 374 2190 Versibusn
397 2145 427 2190 et
443 2132 460 2189 ‘d
478 2134 509 2189 in
528 2134 609 2191 libris
626 2132 713 2191 αὐτῶν
734 2130 892 2210 ίλάμύανις.
919 2134 993 2191 Cor-

183 2282 191 2291 ,
212 2221 420 2280 rexitGrotius.
432 2224 462 2278 V.
480 2220 583 2278 lmalo
592 2219 716 2286 ἑκάσταις
728 2219 848 2299 ἡμέραις,
860 2240 897 2280 ne
912 2225 995 2280 colli-

210 2306 280 2364 dant
299 2309 416 2385 genitivi
443 2309 557 2368 similes.
582 2311 616 2367 V.
650 2317 668 2377 Ι,
690 2307 886 2377 πλουσιώτατος
904 2312 991 2371 Mein.

202 2414 266 2470 ¹pro
280 2416 409 2474 π-τιρος,
421 2395 518 2453 mendi
536 2414 624 2472 genus
643 2396 721 2452 baud
738 2397 909 2473 infrequens.
923 2401 959 2456 V.
975 2396 992 2453 θ

211 2481 238 2539 εί
254 2504 288 2559 με
299 2484 415 2542 Grotius
429 2502 485 2558 pro
500 2483 641 2539 librorum
660 2485 801 2560 scripturn
819 2484 892 2562 εἰμὴ
912 2487 956 2543 vel
968 2481 993 2541 εί

212 2592 268 2645 μοι.
284 2576 318 2630 V.
330 2571 444 2630 diidem
461 2574 596 2630 τοσοῦτον.

590 2746 618 2783 2.

251 2890 295 2946 lb.
311 2908 343 2965 p.
361 2907 428 2960 ουρ,
442 2887 485 2943 E:
499 2888 532 2946 Δ.
545 2883 568 2943 θ’
579 2887 606 2945 ἐν
619 2883 749 2966 Ἐμπόρῳ
767 2884 812 2944 καὶ
829 2884 909 2963 νόμον
929 2877 995 2946 eleni

211 2998 275 3059 φησι
289 2974 362 3054 παρὰ
376 2971 520 3053 Κορινθίοις
528 2971 588 3032 τινθ
601 2976 728 3046 τοιοῦτον,

308 3192 357 3203 -
370 3178 401 3221 α.
419 3152 555 3243 Νύμιμον
571 3158 656 3219 τοῦτ’
676 3150 759 3234 ἐστὶ,
783 3148 935 3237 βέλτιστ’,
951 3160 996 3218 ἐν·

922 3249 994 3323 boile

283 3360 502 3457 Κορινθίοισιν,
516 3357 554 3429 οἷν
567 3358 625 3428 τιν’
643 3359 805 3451 ὀψωνοῦντ’
826 3360 873 3427 ἀεὶ

283 3477 432 3561 λαμπρῶς
449 3473 583 3559 ὁρῶμεν,
607 3476 712 3534 τοῦτον
729 3464 890 3560 ἀνακρίνειν
906 3467 995 3535 ποθεν

278 3571 336 3669 ζῇ,
352 3573 404 3641 καὶ
417 3572 450 3640 τί
459 3584 568 3641 ποιῶν·
585 3570 641 3641 κάν
662 3582 715 3665 μἐν
730 3572 829 3640 ούσίαν
844 3575 920 3668 ἐχη,

213 3755 214 3760 1
238 3676 258 3749 5
284 3679 320 3759 νίς
329 3681 360 3747 αἱ
371 3673 516 3772 πρόσοδοι
528 3681 631 3746 λύουσι
641 3678 875 3771 τάναλώματα,

284 3791 335 3854 ἐᾶν
349 3785 508 3853 ἀπολαύειν
519 3776 578 3859 ἡδὺ
594 3794 699 3853 τοῦτον
708 3793 762 3850 τοῦ
782 3784 859 3869 βίου·

285 3890 338 3959 ἐὰν
353 3885 382 3958 θ’
395 3892 470 3982 ύπέρ
481 3894 537 3966 την
552 3890 652 3957 οὐσίαν
667 3885 812 3957 δαπανῶν
828 3890 907 3982 τύχη
922 3940 930 3973 ,

285 3998 412 4064 ἀπεῖπον
427 3999 507 4081 αύτῷ
518 4005 607 4063 τοῦτο
623 4000 664 4088 μὴ
682 4000 774 4061 ποιεῖν
784 3996 847 4079 ἐτι,

285 4105 353 4169 ὅσον
362 4096 397 4168 dl
412 4105 452 4193 μὴ
467 4100 583 4183 πίθητ’,
593 4096 740 4167 ἐπέύαλον
763 4093 888 4192 ζημίαν·

219 4228 260 4273 10
286 4204 336 4273 ἐὰν
351 4199 386 4273 δέ
397 4198 472 4298 μηδ’
485 4211 583 4273 ὁτιοῦν
602 4200 728 4300 ἐχωνζῇ
744 4211 942 4286 πολυτελῶς,

284 4320 330 4397 τῷ
354 4305 454 4402 δημίῳ
482 4305 663 4403 παρέδωκαν
693 4310 816 4380 αὐτόν...
844 4314 874 4395 β.
913 4303 955 4397 rip

893 4408 990 4492 κλειςί

287 4548 318 4589 α.
342 4524 407 4589 Ode
421 4514 575 4613 ἐνδέχεται
589 4520 647 4615 γὰρ
662 4517 715 4600 ζῆν
729 4519 799 4591 ἄνευ
813 4530 907 4587 κακοῦ
916 4545 996 4598 τινος

285 4637 406 4711 τοῦτον,
422 4625 541 4720 (συνίης
551 4650 560 4711 ;
572 4624 586 4719 l
596 4629 667 4694 ἀλλ’
685 4626 852 4720 ἀναγκαίως
868 4628 933 4716 ἔχει

285 4731 303 4805 ἢ
316 4728 508 4800 λωποδυτεῖν
522 4730 578 4811 τὰς
592 4737 722 4819 νύκτας,
735 4732 753 4807 ἢ
773 4740 982 4825 τοιχωρυχεῖν,

212 4920 228 4968 5
249 4912 449 4983 Nihilominus,
460 4916 483 4971 si
494 4914 593 4972 borum
603 4916 700 4988 aliquis
712 4916 778 4972 mibi
788 4914 939 4980 arrideret,

248 4997 347 5055 dabam
354 5000 510 5073 suspirans,
520 5010 654 5072 quantum
668 5001 752 5057 homo
764 5016 808 5057 me
820 5008 958 5073 posceret;

249 5101 384 5160 congrum
398 5086 520 5159 quidem,
533 5088 606 5146 sicut
622 5088 749 5145 Priamus
757 5090 916 5153 Hectorem,

250 5180 386 5246 qnantum
402 5174 578 5248 ponderabat,
590 5182 695 5231 tantum
706 5173 888 5230 denumerans
900 5175 963 5227 enti.

594 5265 621 5316 2.

264 5358 290 5400 a.
301 5345 441 5403 Usitatum
454 5362 516 5404 vero
531 5346 585 5403 boc
597 5354 654 5415 est,
671 5345 790 5418 optime,
806 5342 852 5401 bio

214 5437 221 5454 ·
265 5430 430 5501 Corinthiis,
444 5432 467 5488 si
479 5447 563 5505 qoem
573 5433 699 5505 opsonari
712 5446 819 5503 semper

265 5516 407 5589 splendide
419 5516 556 5586 videmus,
568 5518 726 5592 explorare,
735 5532 790 5589 qno

267 5602 352 5671 vivat,
367 5610 395 5660 et
409 5603 475 5676 quid
489 5611 567 5676 agon
582 5612 608 5662 et
619 5606 642 5661 si
656 5620 717 5661 rem
725 5603 821 5671 babet,

231 5692 247 5743 5
267 5687 344 5759 anus
355 5690 459 5749 reditus
471 5701 562 5765 aequat
574 5701 710 5764 sunrptus,

265 5776 429 5845 permittere,
445 5784 477 5833 ut
486 5778 509 5834 is
517 5779 635 5835 suaviter
648 5778 755 5835 fruatur
762 5778 831 5834 rita:

265 5859 309 5915 sin
318 5867 411 5918 antem
423 5879 506 5937 snpra
517 5879 576 5922 rem
591 5866 741 5937 impensam
751 5862 833 5931 facit,

268 5945 431 6006 interdicere
440 5952 546 6017 solent,
561 5966 597 6007 ne
609 5952 648 6007 sic
660 5959 764 6024 pergat,

265 6039 293 6089 et
304 6049 359 6090 non
370 6036 543 6096 obedientem
554 6039 690 6111 puniunt,

216 6126 246 6173 ιο
263 6118 381 6192 deniqne
392 6125 414 6180 si
428 6125 504 6182 nulla
514 6143 543 6183 re
554 6142 729 6199 quacumque
742 6124 886 6197 magnifice
899 6126 976 6190 vivit,

266 6206 388 6263 carnifici
401 6209 514 6267 tradunt
524 6219 620 6269 cum'...
635 6214 662 6269 b.
677 6212 824 6270 Hercules!

266 6310 290 6349 a.
303 6296 399 6367 Neque
408 6297 482 6354 enim
499 6307 595 6371 potest,
607 6310 636 6360 ut
653 6302 674 6359 is
687 6301 746 6358 sine
757 6298 890 6358 araleficr'o
903 6298 994 6373 aliquo

722 1482 843 1544 NOVAE
865 1478 1071 1542 COMOEDlAE
1092 1478 1300 1552 RELlQUlAE.

1044 1609 1083 1682 15
1110 1612 1128 1687 ἢ
1151 1623 1213 1680 τῶν
1227 1613 1392 1679 ποιούντων
1402 1620 1499 1679 ταῦτα
1512 1622 1663 1681 κοινωνεῖν
1683 1640 1788 1698 τισιν,

1109 1718 1127 1794 ἢ
1139 1726 1332 1812 συκοφαντεῖν
1343 1716 1411 1786 κατ’
1420 1716 1542 1813 ἀγορὰν,
1555 1718 1575 1794 ἢ
1590 1728 1761 1815 μαρτυρεῖν

1110 1815 1215 1914 ψευδῆ.
1231 1823 1276 1891 Τὸ
1284 1832 1419 1891 τοιοῦτον
1433 1824 1645 1918 ἐκκαθαίρομεν
1661 1830 1768 1920 γένος.

1113 1935 1142 2018 β.
1168 1925 1270 2024 ὀρθῶς
1293 1957 1350 2025 γε,
1374 1934 1409 2005 νὴ
1426 1928 1490 1998 Δίέ
1509 1930 1590 2000 ἀλλά
1613 1926 1652 2008 δὴ
1681 1934 1719 2000 τί
1744 1943 1836 2003 τοῦτ’

1742 2038 1836 2133 ἐμοί;

1111 2168 1141 2207 α.
1159 2136 1284 2235 ὁρῶμεν
1298 2137 1471 2232 ὀψωνοῦνθ’,
1489 2142 1618 2220 ἑκάστης
1637 2145 1759 2237 ἡμέρας

1040 2268 1088 2315 20
1110 2246 1179 2338 οὐχὶ
1197 2246 1339 2341 μετρίως,
1356 2250 1521 2335 βελτιστε,
1545 2244 1589 2334 σ’,
1610 2247 1698 2315 ἀλλά
1716 2256 1838 2345 ὑπερη-

1706 2381 1835 2449 W.

1113 2463 1166 2550 odat
1176 2460 1258 2526 ἔστιν
1281 2460 1420 2553 ἰχθυηρὸν
1436 2460 1494 2526 ὑπὸ
1510 2470 1561 2527 σοῦ
1575 2457 1782 2552 μεταλαέεῖν·

1113 2669 1179 2763 περὶ
1201 2680 1262 2738 τῶν
1288 2670 1411 2738 σελίνων
1433 2671 1602 2764 μαχόμεθ’,
1627 2678 1735 2765 ῶσπερ
1754 2671 1838 2743 ΙΙσθ-

1743 2780 1837 2872 μίοις·

1113 2884 1215 2975 λαγῶς
1230 2907 1277 2959 τις
1291 2879 1464 2956 εἰσελήλυθ’·
1482 2883 1561 2961 εὐθὺς
1574 2887 1727 2975 ἥρπακας·

1041 2978 1086 3052 25
1112 2977 1242 3078 πίρθικα
1255 2978 1286 3052 θ’
1303 2984 1322 3058 θ
1337 2986 1447 3079 κίχλην
1460 3012 1515 3080 γε,
1532 2990 1566 3061 νὴ
1588 2985 1649 3072 Δί’,
1666 2993 1726 3055 οὐκ
1742 2993 1793 3056 ἔτι

1113 3094 1193 3159 ἐστιν
1210 3087 1250 3158 δι’
1263 3096 1341 3183 ὑμεῖς
1358 3084 1428 3158 obli
1444 3095 1611 3184 πετομένην
1631 3087 1727 3160 ἰδεῖν·

1111 3196 1163 3263 τὸν
1182 3191 1294 3273 ξενικὸν
1308 3193 1386 3264 οἶνόν
1403 3193 1434 3262 τ’
1450 3198 1667 3289 ἐπιτετίμηκας
1683 3205 1781 3268 πολύ.

939 3466 947 3490 ,
1039 3427 1129 3482 Versu
1152 3443 1169 3482 a
1190 3424 1258 3480 iibri
1281 3421 1442 3502 Κορινθίοις,
1457 3420 1510 3493 ἵν’,
1525 3423 1605 3497 qnod
1623 3427 1756 3483 conexit
1775 3430 1836 3486 Ca-

1039 3514 1121 3569 sanb.
1133 3509 1180 3570 Ἀν
1189 3531 1246 3588 pro
1259 3508 1444 3581 lerindorl.
1455 3514 1490 3571 V.
1506 3512 1524 3567 6
1536 3512 1603 3569 libri
1615 3509 1764 3571 ἀπολαύειν
1778 3513 1836 3586 ἤδη

1040 3602 1130 3657 τοῦτον
1148 3596 1192 3656 τὸν
1212 3596 1280 3675 βίον.
1299 3600 1415 3654 Frustra
1436 3598 1550 3654 Jacobs.
1574 3598 1687 3658 Additt.
1709 3620 1744 3675 p.
1775 3604 1833 3675 ¹37

1041 3684 1220 3756 ἀπολάπνιιν,
1237 3687 1354 3743 Cnsaub.
1370 3688 1454 3741 metri
1467 3688 1571 3762 gratia,
1582 3690 1671 3744 κοῖτον
1685 3686 1751 3759 ἤδη.
1770 3694 1833 3767 Ap.

1042 3777 1096 3831 tius
1107 3771 1157 3843 ἡδύ
1169 3793 1224 3849 pro
1236 3770 1329 3845 ἡδίως.
1348 3773 1390 3831 (li.
1404 3792 1470 3829 ann.
1486 3774 1523 3829 ad
1541 3774 1693 3835 Alexandr.
1717 3776 1828 3855 Κυνηγ.

1041 3864 1084 3918 De
1104 3860 1205 3916 litteris
1229 3870 1287 3916 ret
1309 3881 1325 3917 υ
1344 3861 1526 3917 commutatis
1542 3879 1572 3917 v.
1595 3861 1744 3935 Aristoph.
1772 3868 1830 3921 Ar.

1045 3955 1133 4019 idda,
1145 3956 1201 4006 etc.
1213 3950 1248 4004 V.
1262 3949 1378 4023 9vulgo
1392 3944 1462 4014 θςθν
1476 3944 1504 4005 dl
1565 3948 1602 4006 ci.
1618 3949 1714 4008 ,tanc
1728 3969 1760 4021 7,
1777 3952 1829 4009 28.

1040 4039 1075 4095 V.
1098 4055 1135 4092 an
1163 4036 1229 4092 libri
1258 4036 1387 4107 συνῆκας,
1412 4036 1492 4111 quod
1513 4038 1637 4093 correxit
1661 4034 1830 4117 Schweigb.

1040 4125 1083 4179 De
1096 4128 1176 4197 apio,
1189 4123 1437 4179 isthmionicnrnm
1451 4125 1570 4199 praemio
1581 4165 1591 4198 ,
1603 4142 1632 4181 ν.
1648 4125 1776 4186 Meinek.
1792 4130 1833 4186 ad

1042 4209 1172 4286 Euphor.
1194 4229 1226 4286 p.
1245 4218 1310 4278 rid.
1328 4210 1373 4269 sd
1386 4213 1554 4268 sententiam
1573 4212 1713 4269 simillime
1729 4217 1832 4273 Alexis

969 4311 994 4359 '.
1040 4302 1165 4355 Demetr.
1184 4317 1209 4368 r,
1223 4299 1241 4355 6
1255 4294 1368 4376 ετούψον
1382 4296 1525 4376 πριάμενος
1538 4296 1649 4376 οίχεται,
1661 4311 1716 4359 etc.
1732 4304 1771 4359 V.
1787 4304 1827 4360 οδ

1040 4384 1203 4444 ιιιοθοοθδί
1220 4384 1280 4443 τιν’
1293 4383 1594 4461 ἰδιῖνπετομίνην.

1422 4570 1449 4626 3.

1082 4747 1186 4803 Athen.
1202 4764 1231 4819 7,
1243 4765 1273 4821 p.
1288 4745 1356 4815 316,
1369 4748 1391 4802 F
1405 4743 1468 4803 ικαὶ
1485 4747 1517 4803 Δ.
1527 4745 1552 4801 ἐν
1569 4744 1652 4819 Ἑμπε.

1705 4865 1832 4878 Ἢ

1095 4909 1629 4980 vivat,(intelligisneitsednecessario
1853 4980 1861 4992 ⁰

1093 5006 1141 5056 aut
1154 5006 1240 5056 vestes
1250 4997 1362 5071 surripit
1374 5004 1474 5065 noctu,
1488 5005 1535 5055 aut
1546 4999 1661 5071 parietes
1671 4999 1816 5073 perfodit,

1044 5093 1075 5143 15
1094 5095 1142 5142 aut
1154 5085 1183 5141 id
1195 5085 1354 5143 facientium
1366 5086 1457 5142 socius
1471 5092 1530 5152 est,

1094 5182 1142 5229 aut
1153 5173 1367 5247 sycopimntatur
1379 5172 1408 5227 in
1420 5170 1499 5239 foro,
1514 5179 1563 5228 aut
1575 5162 1716 5230 mendacia

1098 5266 1250 5317 anesmtur.
1264 5259 1330 5315 Tale
1344 5273 1528 5330 expurgamus
1538 5274 1633 5330 genus.

1094 5346 1121 5401 b.
1134 5349 1218 5403 Recte
1228 5343 1358 5418 quidem,
1376 5360 1424 5416 per
1436 5347 1551 5400 iovem!
1573 5343 1620 5401 sed
1638 5343 1691 5400 boc
1703 5347 1773 5417 quid
1794 5349 1829 5404 ad

1740 5438 1751 5502 [
1765 5442 1831 5494 me?

1094 5537 1119 5576 a.
1136 5518 1269 5577 Videmus
1284 5525 1463 5592 opsonontcm
1477 5525 1503 5574 te
1514 5517 1637 5590 quotidie

1042 5613 1075 5663 20
1094 5607 1166 5663 band
1183 5606 1377 5674 mediocriter,
1389 5605 1565 5678 optime,scd
1579 5606 1705 5678 superbe.

1094 5693 1167 5751 Nibil
1184 5693 1305 5765 piscatile
1318 5693 1358 5749 tui
1369 5707 1450 5749 causa
1465 5692 1708 5765 participarilice13

1094 5781 1250 5853 coinpulisti
1265 5780 1299 5838 ad
1314 5779 1453 5852 legumina
1465 5786 1585 5835 nostram
1597 5779 1694 5835 urbem
1710 5800 1716 5834 :

1094 5867 1129 5924 de
1138 5870 1206 5941 apiis
1221 5883 1392 5942 pugnamus,
1405 5866 1480 5923 velut
1492 5866 1627 5923 isthmiis:

1095 5957 1172 6030 lepus
1185 5957 1281 6030 aliquis
1294 5956 1425 6023 intrarit,
1441 5956 1534 6011 statim
1543 5953 1592 6011 abs
1606 5962 1632 6011 te
1642 5963 1737 6028 raptus
1746 5967 1810 6025 est;

1042 6051 1075 6099 25
1095 6042 1233 6115 perdicem
1249 6060 1313 6101 vero
1327 6043 1367 6099 rei
1383 6040 1505 6109 turdum,
1522 6058 1569 6114 per
1582 6044 1696 6108 Jorem,
1713 6056 1832 6118 propter

1755 6135 1765 6198 [
1778 6150 1832 6191 ros

1094 6232 1128 6271 ne
1142 6216 1277 6272 volantem
1289 6213 1400 6288 quidem
1413 6212 1504 6269 videre
1516 6210 1678 6286 possumus3

1094 6310 1121 6357 m
1132 6311 1274 6360 externum
1287 6302 1382 6359 vinnm
1393 6300 1480 6357 multo
1494 6300 1583 6356 carius
1594 6299 1748 6364 reddidisti.
