4084 8009
218 1516 257 1566 68
550 1517 554 1524 ’
719 1507 927 1567 continuit:
946 1509 1111 1574 vuissuis
1134 1516 1333 1590 llELlQUlAE.

218 1641 273 1695 dex
287 1636 380 1717 papii„
393 1637 437 1694 καί
449 1636 553 1715 σαθρὸν,
565 1641 643 1712 quasi
657 1639 760 1698 σαυνίον
772 1640 930 1717 significare
943 1664 1006 1719 pns-

217 1739 258 1783 set
272 1725 379 1806 σαθρὸν,
400 1739 477 1785 etc:
501 1730 588 1783 immo
610 1731 744 1785 continue
761 1733 866 1805 scripta
882 1750 928 1790 σα.
947 1754 1004 1808 σα,

217 1835 306 1888 quum
316 1836 362 1872 σοι.
375 1817 546 1890 compendio
556 1818 694 1873 indicaret
704 1815 819 1888 σαυνίον,
831 1837 926 1874 ansam
935 1838 1005 1893 prae·

215 1902 332 1959 buerint
353 1904 540 1978 corruptioni.
563 1906 729 1960 Rectissime
754 1908 829 1961 enim
855 1909 1002 1965 Μουκίας

215 2016 228 2039 ν
244 1991 375 2050 Cratinus
393 1990 495 2047 dixisse
515 1991 627 2048 videtur
641 1989 745 2048 σαυνίον
766 1991 861 2070 σαθρὸν
876 1993 913 2049 dc
934 2014 1005 2068 pene

214 2078 361 2155 languida
379 2104 391 2128 υ

579 2196 644 2255 124.

256 2304 431 2378 Phrynichus
445 2302 539 2379 Praep.
558 2304 641 2378 soph.
654 2321 683 2376 p.
699 2301 725 2371 3,
739 2300 793 2371 25,
814 2300 839 2361 ’h
849 2304 1004 2369 νελκταῖς

214 2386 336 2469 ὀφρύσι
357 2390 485 2465 σεμνόν
512 2410 517 2445 :
543 2389 654 2453 ἅττικῶς
676 2386 804 2446 αὐτὸκαὶ
827 2391 928 2464 σεμνῶς
950 2392 1001 2468 Κρ.

213 2467 299 2535 elatu.
318 2482 369 2536 ffis
382 2481 478 2535 verbis
499 2480 615 2534 irrisum
629 2496 689 2533 esse
704 2479 855 2553 Periclem,
874 2477 919 2535 τὸν
937 2478 1003 2555 άγί·

212 2567 325 2638 λαστον,
339 2569 390 2642 qui
405 2586 465 2622 non
478 2568 576 2640 potuit
594 2566 708 2639 placere
724 2568 817 2640 poetis
831 2566 1001 2638 ridentibus,

212 2659 297 2713 sensit
310 2659 397 2715 Mein.
412 2659 508 2728 Quare
527 2656 649 2711 scribam
664 2656 747 2728 σιμῶς
763 2675 818 2731 pro
839 2656 956 2731 σεμνῶς,
971 2668 1004 2712 ιιι

213 2742 280 2818 σιμὰ
306 2743 390 2817 γελῶν
411 2743 515 2800 eodem
536 2761 629 2801 sensu.
651 2744 770 2819 Sugillat
794 2744 932 2799 Periclem
951 2743 998 2804 Cr.

212 2834 297 2889 etiam
308 2833 469 2908 fragmento
485 2836 552 2895 rhu.

575 2944 639 3003 125.

250 3057 331 3114 Idem
349 3056 391 3117 ib.
413 3075 444 3133 p.
471 3076 500 3127 7,
524 3076 575 3126 10,
600 3053 788 3124 Ἀναπηδθν
814 3053 848 3111 ἐν
870 3053 966 3131 δήμῳ
992 3076 998 3109 :

210 3145 265 3225 Κρ.
279 3143 323 3203 tet
335 3164 402 3211 τινος
412 3143 535 3220 ἀκόσμως
547 3144 573 3202 ἐν
583 3149 640 3208 ταῖς
650 3142 799 3213 ἐκκλησίαις
809 3141 1000 3212 ἀναπηδῶντας.

575 3257 642 3316 126.

252 3370 333 3425 Idem
343 3370 383 3427 ib.
393 3387 423 3443 p.
436 3367 466 3438 8,
480 3367 496 3423 3
513 3387 519 3422 :
533 3367 557 3423 οἱ
567 3363 656 3442 μίντσι
668 3362 780 3424 Ἀττικοί
792 3364 839 3435 τὴν
852 3364 1001 3443 ἀρρωστίαν

212 3455 256 3513 ἐπὶ
267 3461 312 3514 τοῦ
328 3455 365 3533 μὴ
378 3458 569 3534 προθυμεῖσθαι
589 3453 657 3529 μηδὲ
671 3457 756 3533 ὁρμᾶν
774 3451 871 3533 πρᾶξαι
885 3452 999 3512 τιθέασι·

211 3543 241 3601 τὸ
254 3544 305 3622 γάρ
328 3540 506 3615 ἀντικείμενον
529 3544 562 3619 τῇ
582 3538 690 3619 τοιαιίτῃ
713 3540 844 3619 ἀρρωστία
866 3541 919 3619 Κφ.
944 3530 1000 3598 είπι

212 3633 396 3709 ἐρρῶσθαι,
408 3620 460 3688 οἷον
479 3631 679 3708 προθυμεῖσθαι.

577 3761 641 3815 ¹27·

251 3856 332 3913 Idem
357 3857 397 3910 ib.
426 3873 455 3929 p.
480 3853 527 3923 13,
551 3852 587 3923 5,
614 3849 759 3917 Ἅπαλθς
777 3851 934 3918 είσπλους
953 3851 1000 3909 λι·

213 3941 314 4018 μένος
330 3964 336 3999 :
353 3939 442 4019 ὥσπερ
453 3938 576 4019 Ὅμηρος
589 3936 650 4006 τοὺς
659 3938 802 4020 δυσόρμσυς
812 3938 921 4016 λιμένας
934 3961 1000 4019 τρα·

211 4038 267 4109 χεῑς
281 4028 366 4110 λέγει,
381 4027 449 4087 οὕτω
465 4030 518 4109 Κρ.
536 4026 580 4086 ἐπὶ
597 4029 649 4085 τῶν
671 4026 789 4107 είιόρμων
807 4026 837 4085 sd
852 4026 955 4086 ἁπαλὸν
969 4029 999 4085 ἐκ

212 4122 258 4176 τοῦ
270 4116 388 4178 ἐναντίου
402 4107 468 4175 εἷπε.

575 4228 639 4288 ια8.

252 4344 332 4400 Idem
345 4344 384 4403 ib.
394 4343 477 4419 pni,
493 4362 526 4415 17
540 4362 546 4397 :
558 4339 771 4421 Ἀπονυχίζισθαι
782 4343 827 4397 τοῦ
837 4340 1000 4418 ὀνυχίζεσθαι

212 4433 322 4497 σἰττικῶς
336 4429 466 4512 διαφίριι·
478 4429 508 4488 τὸ
523 4427 571 4507 μὲν
585 4427 636 4510 γάρ
649 4430 773 4507 σημαίνει
787 4427 816 4486 τὸ
831 4426 888 4494 τοὺς
904 4427 1000 4506 ὄνυχας

211 4521 391 4601 ἀφαιρεῖσθαι,
404 4518 434 4579 τὸ
448 4519 475 4578 δὲ
489 4518 616 4598 ὀνυχίζειν
628 4517 674 4577 καί
688 4517 842 4597 ίξυνυχίζειν
854 4516 940 4594 (ἐστίν
952 4517 999 4573 hle

210 4610 387 4687 addendum)
399 4607 444 4667 ἐπὶ
457 4613 504 4667 τοῦ
517 4610 621 4687 ἐρευνᾶν
640 4606 754 4687 inpetu<
768 4606 813 4665 καί
830 4604 956 4674 ἐξετάζειν
969 4602 1000 4661 τὸ

210 4696 382 4774 ὑποκείμενον
393 4705 517 4777 πρᾶγμα.
534 4699 586 4774 Κρ.
608 4693 697 4770 μέντοι
718 4693 748 4751 τὸ
767 4691 999 4771 ὢνυχισμόνον

209 4785 254 4843 ini
274 4790 320 4843 τοῦ
333 4785 497 4863 τετμημένου
509 4783 566 4849 τοὺς
579 4783 675 4863 ὄνυχας
687 4782 810 4843 τίθεικιν.
832 4786 922 4840 Sensu
938 4802 999 4840 me·

211 4876 251 4934 dii
260 4875 369 4931 dictum
378 4872 556 4949 τετμημένου,
567 4885 600 4929 ut
611 4871 770 4949 ἀνεκομίσθη
782 4874 870 4928 Thuc.
890 4891 916 4939 ι,
931 4890 998 4944 ¹⁰9·

574 5011 640 5067 ¹²9·

251 5106 331 5162 ldem
342 5108 381 5165 ih.
394 5127 426 5182 p.
444 5105 490 5175 ι3,
510 5102 684 5176 militiades
702 5106 771 5182 πῦρ,
782 5101 827 5160 καί
841 5101 977 5160 ἐναόεσθαι
990 5124 995 5157 :

211 5192 397 5273 Ἀριστοφάνης
411 5191 551 5267 αὐόμενυς,
567 5194 621 5271 Κρ.
636 5189 818 5250 ἐναόεσθαι.

574 5305 638 5361 ι3ο.

250 5418 331 5476 ldem
350 5419 388 5477 ib.
400 5436 429 5491 p.
443 5416 492 5485 28,
509 5434 558 5489 αφ,
572 5413 724 5488 Ἀποτεμεῖν
741 5410 872 5490 μηχανάς.
889 5414 942 5489 Κρ.

259 5535 374 5600 Τούτου
390 5524 421 5598 δ’
438 5531 555 5607 ἁπάσας
570 5530 717 5621 αἰποτεμῶ
733 5526 788 5605 τὰς
807 5528 954 5621 μηχανάς.

576 5751 636 5801 itt.

213 5832 346 5890 Adductis
357 5831 508 5905 superciliis
517 5832 706 5889 venerabilem.

577 5925 636 5973 125.

213 6007 344 6066 Subsilire
354 6004 429 6079 apud
441 6004 580 6077 populum.

574 6097 634 6148 127.

215 6164 305 6223 hlollis
320 6164 428 6220 invectu
441 6168 543 6234 portus.
579 6237 629 6288 ¹3⁰
722 6222 725 6231 ,

220 6322 308 6394 liujus
319 6336 415 6379 onmes
430 6317 587 6377 abscindam
601 6319 750 6379 machinas.

1053 1651 1152 1705 hlelius
1170 1652 1281 1725 legatur
1296 1650 1462 1727 ’λποτίμνειν
1476 1657 1504 1709 in
1519 1658 1611 1731 capite
1622 1660 1729 1733 glossar.

1414 1765 1479 1821 ι3ι.

1092 1877 1226 1933 ldemib.
1244 1898 1274 1954 p.
1295 1879 1344 1949 33,
1371 1879 1421 1951 ι8,
1438 1879 1741 1961 Γαστροχαίρυόδις
1766 1907 1775 1942 ;
1803 1884 1854 1945 tul

1052 1963 1103 2018 τῶν
1124 1964 1318 2042 κατεσθιόντων,
1334 1969 1388 2046 Κρ.
1404 1958 1471 2026 εἶπε.
1495 1972 1592 2028 Malim
1607 1969 1853 2052 Γαστροχαριίόδις

1052 2071 1105 2125 pro
1132 2053 1381 2133 Γαστροχαρόόδιας
1409 2056 1453 2115 vel
1479 2056 1742 2138 Γαστρσχαρόὸδιις,
1766 2082 1851 2139 quo·

1052 2140 1127 2195 niam
1142 2142 1238 2216 plures
1253 2142 1422 2201 devorantes
1433 2146 1506 2202 dixit
1521 2146 1569 2203 hic
1580 2149 1694 2205 Noster.

1413 2260 1479 2319 132.

1057 2441 1060 2445 Ι
1090 2368 1169 2425 ldem
1192 2369 1231 2426 ib.
1260 2389 1290 2445 p.
1321 2369 1375 2446 39,
1403 2390 1456 2444 10,
1486 2367 1766 2447 Ἐφιππάσασθαι
1788 2372 1837 2431 λα’·

1049 2478 1119 2533 γσις
1135 2478 1142 2512 t
1162 2446 1216 2515 οἷον
1227 2458 1415 2537 καταδραμεῖν.
1428 2460 1479 2538 Κρ.

1411 2569 1477 2628 ι33.

1090 2680 1171 2737 ldem
1189 2682 1229 2738 ib.
1253 2702 1285 2758 p.
1314 2689 1362 2753 θα,
1385 2702 1435 2754 αι,
1457 2682 1635 2742 Θεόθυται
1661 2682 1725 2741 tot
1746 2685 1849 2746 πολλοί

1049 2766 1169 2845 ἱερόθυτα
1187 2772 1310 2843 καλοῦσι,
1332 2772 1384 2849 Κρ.
1407 2769 1441 2829 τά
1454 2771 1507 2835 τοῖς
1519 2773 1583 2837 θεοῖς
1598 2769 1710 2848 θυόμενα
1722 2773 1824 2852 ἱερεῖα.

1412 2883 1476 2953 ι34.

1089 2994 1171 3051 ldem
1188 2994 1230 3053 ib.
1246 3014 1279 3069 p.
1301 2992 1349 3064 51,
1375 2994 1431 3065 26,
1454 2991 1567 3064 Μηδὲν
1588 2990 1759 3073 ίιπίρφιυι
1787 2996 1847 3074 Κρ.

1048 3079 1092 3139 ἐπί
1105 3085 1150 3139 τοῦ
1171 3079 1252 3157 μηδὲν
1267 3080 1343 3159 ἄγαν.
1365 3085 1401 3139 Et
1415 3102 1447 3157 p.
1470 3083 1524 3157 69,
1547 3102 1595 3153 17,
1611 3078 1695 3161 Ὑπλρ
1716 3079 1750 3141 τὸ
1766 3088 1817 3163 φεῦ
1837 3106 1844 3140 :

1048 3160 1101 3227 οἷον
1124 3168 1339 3248 ὑπερόαλλόντως
1353 3169 1397 3227 καί
1410 3170 1605 3240 ἐκπληκτικῶς·
1619 3170 1649 3228 τὸ
1662 3170 1715 3250 γὰρ
1725 3176 1780 3252 φεῦ
1799 3172 1848 3232 ἐπὶ

1050 3256 1197 3328 ἐκπλήξεως
1218 3256 1327 3316 τίθεται.
1353 3286 1365 3310 ι
1389 3260 1432 3317 Cf.
1453 3262 1577 3316 Joannes
1600 3261 1681 3317 Alex.
1706 3263 1753 3319 De
1776 3281 1844 3318 acc.

1048 3368 1080 3423 p.
1096 3347 1144 3417 30,
1158 3348 1206 3407 25.
1225 3374 1236 3398 υ
1254 3351 1296 3406 Μ.

1407 3459 1472 3517 135.

1090 3572 1170 3628 ldem
1185 3572 1226 3627 ib.
1240 3591 1270 3646 p.
1289 3569 1400 3646 59,23‚
1417 3569 1591 3649 Πρότηθυς
1608 3592 1615 3625 z
1631 3574 1648 3640 ἡ
1662 3559 1832 3651 οότνιγραῧς

1048 3659 1083 3723 ὡς
1098 3656 1150 3737 πρὸ
1163 3655 1266 3730 Ἰἠθόος
1277 3661 1323 3730 τῆς
1339 3656 1472 3718 Ὠκεανοῦ
1486 3656 1619 3736 γεγυνίναι
1634 3656 1771 3736 γυναικός.
1787 3661 1843 3740 Κρ.

1049 3744 1098 3815 τὴν
1110 3746 1263 3826 ὑπεργήρων
1275 3747 1343 3804 οὕτω
1353 3746 1424 3824 λέγει
1435 3746 1546 3814 παίζων.

1412 3862 1475 3919 ι36.

1088 3974 1169 4030 Idem
1182 3965 1282 4048 Eclng.
1295 3993 1326 4049 p.
1341 3992 1409 4046 110,
1421 3969 1585 4050 Ἀσπάραγσς
1597 3991 1604 4028 :
1615 3970 1661 4029 καί
1671 3974 1751 4030 τοῦτο
1765 3974 1843 4033 δυοῖν

1048 4059 1238 4137 ἇμαρτήμασιν
1260 4060 1367 4139 ἔχεται,
1382 4058 1422 4118 dn
1443 4082 1471 4118 τε
1485 4061 1512 4117 ἐν
1524 4060 1562 4138 τῷ
1575 4081 1605 4131 π,
1625 4057 1671 4116 καί
1689 4058 1738 4117 οὐκ
1753 4061 1785 4118 ἕν
1802 4064 1844 4143 τῷ

1048 4171 1078 4229 φ,
1093 4147 1211 4226 λέγεται,
1221 4148 1267 4206 καί
1276 4147 1315 4207 ὅτι
1329 4146 1393 4207 liuh
1405 4172 1432 4206 τι
1444 4147 1523 4227 φυτόν
1533 4148 1603 4205 ίστιν
1613 4146 1703 4226 ἄγριον
1717 4149 1843 4230 θάσφά-

1050 4229 1140 4317 ραγός,
1154 4236 1201 4295 καί
1216 4239 1263 4295 οὐκ
1276 4239 1302 4295 ἐν
1316 4244 1369 4304 τοῖς
1382 4235 1490 4316 ἡμέροις
1504 4235 1726 4314 καταλεγόμενον.
1741 4241 1757 4297 ὁ
1772 4246 1842 4318 γοῦν

1050 4329 1113 4404 ip..
1128 4327 1155 4384 ίν
1165 4326 1253 4391 ἄλλοις
1265 4325 1363 4406 ἀγρίοις
1377 4325 1440 4384 αὐτὸ
1453 4324 1622 4403 καταλέγων,
1634 4324 1713 4405 φησίν

1097 4441 1263 4531 Αὐτομάτη
1277 4432 1312 4506 δὲ
1328 4443 1408 4533 φέρει
1422 4442 1622 4532 τιθύμαλλον,
1643 4437 1694 4505 καὶ
1718 4441 1843 4531 σφάκον

1642 4546 1715 4639 πρὸς
1735 4550 1840 4635 αὐτῷ,

1096 4653 1284 4746 ἀσφάραγον,
1298 4653 1420 4719 κότισόν
1435 4678 1479 4718 τε·
1493 4652 1619 4719 νάπαισι
1633 4644 1663 4717 δ’
1683 4650 1843 4745 ἀνθέρικος

1729 4755 1842 4849 iungi,

1094 4864 1146 4928 καὶ
1161 4866 1251 4954 φλόον
1271 4864 1397 4958 ἄφθονον
1421 4871 1497 4933 ὥστε
1513 4873 1652 4959 παρεῖναι
1674 4868 1752 4932 πᾶσι
1768 4873 1841 4945 τοῖς

1686 4970 1839 5064 ἀγροῖσιν.

1046 5097 1152 5156 ἅπαντα
1162 5099 1213 5178 γίιρ
1225 5100 1258 5158 τὰ
1274 5101 1487 5179 καταλελεγμίνα
1499 5100 1590 5180 ἄγρια.
1603 5100 1627 5158 σί
1647 5097 1675 5157 δὲ
1684 5102 1730 5156 νῦν
1745 5098 1841 5159 τιθόα·

1045 5211 1086 5246 σιν
1105 5189 1301 5270 (ἀσφάραγον)
1319 5191 1363 5249 tut
1376 5190 1496 5270 παντὸς]
1505 5188 1622 5270 λαχάνου
1636 5189 1703 5247 add.
1719 5189 1840 5268 Mein.)

1045 5278 1162 5353 ἀμαθῶς.
1174 5281 1219 5335 Sic
1229 5281 1288 5350 ille,
1302 5300 1387 5355 quem
1400 5282 1499 5336 laudat
1508 5278 1672 5338 Schneider.
1684 5279 1715 5333 in
1724 5277 1838 5336 Lexico

1044 5388 1073 5422 v.
1086 5363 1260 5446 Ἀσπάραγος,
1272 5370 1345 5425 dixit
1355 5367 1477 5447 κράμόης
1489 5367 1643 5445 ἀσπάραγον
1656 5385 1710 5441 pro
1721 5364 1837 5425 καυλόν.

1045 5457 1136 5516 Versu
1165 5476 1176 5511 1
1203 5454 1248 5513 καλ
1269 5458 1380 5514 addidit
1399 5455 1509 5524 Pauw„
1532 5458 1712 5511 llermannus
1734 5466 1840 5515 autem

1045 5548 1146 5602 Doctr.
1157 5556 1239 5603 ntetr.
1251 5565 1282 5620 p.
1297 5547 1367 5616 644,
1383 5558 1459 5601 recte
1471 5545 1585 5619 scripsit
1598 5542 1671 5620 αὐτῷ
1683 5560 1739 5617 pro
1754 5540 1842 5621 αὐτὸ,

1411 5755 1471 5804 131.

962 5809 966 5815 ¹
1047 5845 1147 5899 Ventre
1160 5839 1320 5914 Charybdis.

1410 5944 1469 5994 135.

1047 6039 1148 6109 Sponte
1164 6034 1217 6092 lert
1231 6032 1435 6107 tithymallum,
1451 6038 1635 6104 praetereaque
1646 6025 1785 6097 salviam,

1047 6144 1210 6202 asparagum
1223 6135 1250 6183 et
1259 6128 1392 6198 cytisum;
1410 6124 1436 6179 in
1453 6120 1622 6179 convallibus
1634 6125 1727 6174 autent
1737 6120 1843 6178 anthe·

1543 6216 1626 6283 [rictu
1636 6210 1843 6284 rejuvenescit,

1048 6316 1137 6388 itaque
1150 6310 1293 6370 ahundans
1304 6310 1355 6367 llos
1364 6308 1442 6365 adest
1450 6306 1579 6364 omnihus
1590 6306 1618 6361 in
1631 6302 1714 6376 agris.
