4084 8009
889 1548 1143 1610 tartunam

283 1685 415 1776 γλαύκου
431 1686 589 1774 προτομή,
607 1682 734 1774 γόγγρου
746 1686 859 1772 κεφαλὴ
872 1734 881 1763 ,

238 1785 257 1855 5
284 1788 437 1880 βατράχου
450 1792 578 1880 γαστὴρ,
595 1788 696 1853 θύννου
705 1787 849 1873 λαγόνες,

285 1888 409 1978 βατίδος
424 1902 534 1977 νῶτον,
546 1894 671 1984 κέστρας
681 1892 770 1982 ὀσφύς
783 1942 792 1974 ,

250 1991 265 2028 ί
281 1994 397 2086 ψήττας
411 1996 536 2090 κίσγος,
555 1996 673 2089 μαινίς,
690 1996 792 2089 καρὶς,

284 2086 412 2197 τρίγλη,
435 2103 537 2194 φυκίς·

199 2290 205 2299 ⁸
283 2214 503 2277 τῶντοιούτων
519 2202 613 2301 μηδὲν
630 2210 759 2277 ἀπέστω.

211 2332 307 2388 Altero
317 2331 384 2385 loco
398 2326 450 2387 1τᾶ
461 2326 489 2385 δὲ
500 2326 574 2408 παρὰ
586 2336 639 2393 τοῖς
652 2327 857 2408 κωμῳδιοποιοῖς
869 2326 997 2406 λεγόμενα

209 2418 302 2478 δεῖπνα
320 2416 429 2490 ἡδίστην
444 2415 525 2489 duola
542 2415 656 2496 ’παρέχει
671 2425 724 2485 τοῖς
744 2416 792 2474 ὠσί
812 2418 911 2492 μᾶλλον
934 2414 997 2497 ἢτῇ

210 2507 339 2587 φάρυγγι·
352 2505 442 2586 ὥσπερ
458 2505 491 2565 τὰ
505 2505 570 2587 παρ’
590 2504 735 2584 Ἀντιφάνει
749 2502 796 2581 μὲν
813 2506 841 2562 ἐν
860 2504 996 2584 Ἀκεστρίᾳ

261 2598 288 2653 ἰν
302 2594 330 2653 δὲ
346 2593 474 2655 Κύκλωπί
487 2616 552 2675 φησι

216 2726 259 2771 to
284 2712 351 2772 Τῶν
365 2702 513 2797 χερσαίων
527 2696 557 2770 δ’
569 2707 640 2794 ὑμῖν
654 2696 720 2778 ἥξει

284 2806 354 2902 παρ’
368 2813 440 2901 ἐμοῦ
453 2809 559 2878 ταυτί·

288 2919 361 3001 βοᾶς
375 2915 532 3007 ἀγελαῖος,
547 2912 656 3006 τροίγος
669 2907 815 2989 ἡλιύσίτας
829 2963 838 2994 ,

284 3017 336 3097 αἲξ
349 3020 486 3112 οὐρανία,
504 3020 585 3112 κριὸς
600 3017 744 3107 στομίας,

189 3122 194 3128 ’
286 3124 397 3217 κιίπρος
415 3124 573 3217 ἐκτομίας,
590 3122 621 3201 ύς
636 3128 668 3188 ού
680 3122 805 3214 τομίας,

222 3226 261 3299 15
288 3226 423 3323 δέλφαξ,
441 3222 614 3316 δασύπους,
632 3230 782 3323 ἕριφοι....

263 3364 265 3368 ’
287 3340 371 3429 τυρὸς
384 3338 522 3431 χλωρὸς,
537 3337 622 3429 τορὸς
637 3336 742 3428 ξηρὸς,

286 3443 373 3534 τυρὸς
385 3444 509 3528 κυπτὸς,
523 3447 609 3535 τυρὸς
626 3438 751 3525 ξυστὸς,

287 3550 371 3639 τυρὸς
386 3550 522 3640 τμητὸς,
542 3548 625 3641 τυρδς
639 3548 764 3623 πηκτός.

211 3660 346 3734 Cyclopis
356 3658 456 3730 verba,
472 3660 549 3715 haud
563 3660 650 3716 dubie
664 3658 880 3734 conjungenda,
894 3657 997 3731 quibus

214 3748 479 3822 praetemavigantes
491 3736 627 3803 'allexissc
648 3748 791 3823 putandus
810 3756 859 3804 cst.
875 3749 962 3802 Versu
983 3765 993 3800 1

214 3846 291 3892 recte
304 3836 390 3891 Mein.
413 3834 485 3909 ὑμῖν,
507 3846 542 3891 ut¹
561 3837 653 3892 codex
670 3832 869 3911 0,ρ1·οὴμῖν.
888 3833 997 3889 Deinde
1067 3873 1073 3892 .

215 3924 279 3978 libri
299 3918 419 3998 κεστρεύς
440 3918 578 3995 ὑμήττιος,
600 3923 680 3998 quod
708 3935 807 3999 aperte
828 3930 997 3994 corruptum

214 4010 373 4086 Schweigh.
389 4028 448 4064 non
465 4011 504 4066 ita
513 4012 591 4066 male
610 4010 739 4067 mutabat
757 4012 786 4065 in
806 4008 908 4080 νῆστις,
928 4025 997 4079 pro-

214 4099 298 4154 bante
306 4097 450 4153 Erfurdtio
457 4098 574 4155 Observ.
581 4117 611 4174 p.
622 4098 690 4166 463.
699 4098 799 4154 Maluit
807 4108 901 4152 tamen
909 4095 994 4152 lllein.

214 4186 333 4241 Porsoni
345 4181 456 4259 τμητὸς,
469 4204 527 4258 quo
540 4203 599 4239 non
610 4186 704 4240 minus
715 4184 875 4240 verosimile
885 4181 997 4238 videtur

214 4274 390 4328 homericum
410 4270 510 4345 ἀμαλὸς
532 4291 621 4347 quum
641 4294 657 4328 α
673 4284 700 4328 et
717 4294 744 4346 υ,
760 4274 925 4347 pariterque
938 4269 955 4323 λ
969 4280 998 4325 et
1062 4316 1079 4330 ,,

213 4382 229 4416 τ
247 4362 352 4417 litteras
365 4360 509 4417 interdum
522 4361 652 4417 confusas
667 4380 726 4417 esse
743 4362 771 4415 in
786 4360 866 4415 libris
880 4368 995 4414 constet

214 4452 247 4510 ll.
262 4469 279 4522 7
293 4459 342 4507 aet
351 4444 439 4524 κίσχυς
448 4450 580 4506 vitiosum
592 4459 642 4520 est,
654 4457 682 4505 ct
692 4444 801 4527 ψήττας.
810 4445 997 4505 Scribendurn

211 4538 327 4611 ‘videtur
339 4538 443 4616 ψῆττα,
456 4535 551 4616 ξίφισς,
563 4539 608 4593 vel
623 4534 716 4614 ξιφίας.
733 4537 852 4609 Hesych.
873 4533 970 4611 Ξιφίας
989 4552 996 4592 :

214 4621 286 4702 ἰχθύς
294 4623 376 4688 ποιός.
391 4622 483 4702 Ξίφιος
496 4645 502 4679 :
517 4622 622 4698 ὁμοίως.
638 4624 834 4680 Archestratus
846 4622 948 4679 Athen.
969 4640 996 4691 7,

213 4732 244 4787 p.
262 4712 329 4782 314,
341 4716 382 4768 E.-

253 4814 322 4875 ἄλλα
334 4814 399 4875 teci
414 4813 496 4897 ξιφίου
510 4814 642 4895 τέμαχος,
657 4804 799 4883 Βυζάντιον
811 4811 903 4873 ἐλθών.

215 4929 301 4982 Versu
319 4942 353 4979 ια
368 4924 433 4982 cod.
447 4927 481 4982 L.
498 4920 637 4992 ὑλιβάτης,
653 4925 697 4979 PV
712 4919 852 4994 ύλιύσίτας,
865 4921 887 4976 C
898 4918 1000 4990 ύληύοί-

214 5032 270 5076 τας.
303 5012 474 5087 suspicabar
500 5014 567 5067 olim
590 5010 734 5089 ὓψιύοίτας,
759 5010 809 5066 sed
833 5029 933 5066 verum
956 5026 998 5070 est

214 5100 394 5157 hauddubie
410 5098 552 5171 ἠλιύύτιις,
569 5102 647 5175 qnod
661 5102 776 5176 reposui
795 5119 829 5156 ex
849 5103 996 5158 Eustatlaio

213 5188 251 5244 ad
262 5191 346 5245 llom.
360 5208 391 5263 p.
409 5188 498 5260 1753,
515 5207 553 5244 αα
569 5207 576 5247 :
594 5185 667 5266 παρὰ
682 5187 708 5244 δὲ
724 5184 865 5266 Ἀντιφάνει
884 5187 996 5246 ἐπαινῶν

214 5264 277 5351 αἶγα
293 5277 307 5332 ί
323 5274 439 5353 Κύκλωβ
462 5275 532 5351 λέγει
555 5273 709 5355 οὐρανίαν
725 5263 803 5353 αίγα
825 5276 851 5332 ἐν
870 5277 907 5353 τῷ
922 5279 997 5353 βοῦς

215 5364 392 5437 ἀγελαῖος,
414 5367 535 5442 ταῦρος
553 5365 670 5439 (sic,ut
690 5365 775 5419 etiam
792 5363 857 5422 cod.
874 5365 895 5420 C
910 5365 996 5421 Athe·

213 5450 288 5529 naei)
303 5449 491 5522 ἠλιύοίτας,
510 5448 802 5529 αίξσύρανία,κτλ.
817 5452 997 5510 (ἓίἈιιιικίΙοτ

213 5540 289 5598 (lire.
307 5559 332 5611 1,
346 5559 374 5597 a.
386 5538 528 5598 Ἤλίύατον
541 5540 646 5596 dicitur
663 5541 783 5614 quodvis
800 5542 898 5616 ingens
912 5552 997 5615 atquc

267 5707 357 5779 glauci
369 5723 413 5775 os,
426 5708 520 5781 congri
531 5714 628 5781 caput,

232 5802 249 5852 5
268 5810 343 5852 ηοω
358 5797 539 5864 ventriculus,
555 5797 650 5870 thynni
667 5797 764 5863 latera,

267 5881 323 5937 bati
333 5889 457 5953 tergum,
470 5890 564 5939 cestrae
575 5896 658 5948 coxa,

267 5967 415 6035 rhombus,
429 5967 550 6040 xiphias,
567 5983 671 6036 maana,
686 5967 801 6040 squilla.

267 6054 345 6126 trigla
356 6095 364 6122 ‚
377 6054 490 6128 pltycis3

267 6140 363 6197 talium
376 6140 443 6197 nihil
458 6140 536 6198 desit.

217 6235 249 6283 10
266 6229 505 6301 Terrestriumquc
518 6228 593 6284 vobis
605 6229 713 6284 venient

266 6328 282 6370 a
296 6328 340 6369 me
352 6312 443 6370 haecce
456 6332 463 6368 :

263 6398 313 6457 boa
324 6398 456 6472 gregatis,
468 6400 561 6458 hircus
576 6400 763 6473 meallingas,

1767 1566 1822 1617 dil

1040 1681 1151 1735 enormi
1170 1679 1381 1753 magnitudine,
1395 1694 1425 1740 v.
1434 1701 1461 1738 c.
1475 1676 1601 1751 Ιἠλίύατον
1617 1681 1697 1741 κακὸν
1708 1704 1755 1761 ap.
1768 1690 1824 1742 lla·

1040 1786 1192 1823 moxenum
1216 1769 1369 1848 Syntrophn.
1393 1769 1446 1838 ²33
1466 1769 1512 1825 sed
1533 1767 1672 1848 τρίγονοι
1703 1768 1821 1846 δέλφακα

1041 1857 1137 1910 nescio
1149 1874 1185 1910 an
1201 1857 1305 1911 rectius
1318 1858 1455 1931 intelligas
1467 1875 1570 1932 aprum
1581 1869 1610 1915 et
1622 1879 1700 1916 suem
1711 1863 1740 1915 in
1751 1880 1826 1916 sum·

1041 1943 1138 1997 mitatc
1147 1944 1288 1999 montium
1298 1953 1449 2000 versantes.
1460 1945 1555 2001 Schol.
1564 1948 1664 2005 Vcnet,
1678 1948 1761 2007 Iliad.
1779 1952 1825 2024 15,

1042 2029 1113 2104 273,
1124 2030 1258 2086 laudante
1268 2030 1414 2087 Lobeckio
1427 2033 1548 2107 Paralip.
1560 2053 1679 2108 gramm.
1695 2054 1757 2110 1,p.
1770 2035 1824 2093 80:

1042 2112 1166 2192 αίγαγρος
1179 2119 1230 2174 τῶν
1241 2114 1435 2188 ἠλιύατούντων
1448 2117 1513 2176 ἐστί.
1528 2124 1630 2178 Versus
1646 2123 1694 2193 18,
1713 2132 1758 2193 14,
1775 2125 1825 2180 16·

1046 2205 1080 2260 18
1099 2205 1181 2261 affert
1199 2203 1324 2263 Eustath.
1342 2224 1374 2280 p.
1394 2205 1487 2282 15ο4,
1512 2207 1546 2264 13
1569 2226 1576 2266 :
1603 2208 1825 2285 δμοιοκαταληξία

1042 2288 1069 2347 δὲ
1093 2290 1253 2368 παιγνιώδης
1275 2290 1320 2350 καί
1340 2291 1370 2349 τὸ
1391 2291 1486 2373 τυρὸς
1506 2294 1646 2374 χλωρὸς,
1667 2294 1758 2376 τυρὸς
1773 2296 1825 2367 ξη-

1043 2375 1149 2456 ρὸς,...
1164 2376 1242 2438 ἔτιδὲ
1260 2376 1345 2439 καὶτὸ
1358 2375 1408 2452 αἲξ
1421 2383 1495 2459 οὖρ,
1513 2381 1715 2461 κριὸςτσμίας
1733 2386 1824 2462 (sic),

1042 2464 1169 2545 κύπρος
1193 2469 1275 2540 lan,
1286 2459 1320 2533 ύς
1333 2468 1366 2528 ού
1380 2490 1452 2544 τομ.
1466 2473 1509 2527 De
1524 2489 1609 2545 capra
1623 2473 1728 2527 coelesti
1741 2492 1826 2545 quam

1043 2556 1154 2612 comico
1174 2558 1272 2630 lepore
1285 2558 1405 2630 reliquis
1424 2557 1588 2629 immiscuit,
1609 2578 1638 2615 v.
1662 2559 1700 2614 ad
1721 2559 1826 2616 Cratini

1043 2642 1180 2700 Chirones
1192 2664 1226 2700 ar
1239 2646 1345 2720 (Quam
1356 2656 1450 2701 tamen
1462 2647 1544 2701 simul
1557 2648 1684 2722 proprie,
1696 2652 1826 2722 quamvis

1042 2750 1095 2804 per
1105 2730 1240 2806 figuram,
1252 2732 1359 2788 dictam
1369 2743 1453 2807 putes
1464 2737 1527 2808 alte
1534 2737 1736 2791 ascendentem.
1746 2738 1824 2793 Libri

1042 2815 1222 2891 τομίας,1ιιαίε
1228 2838 1281 2893 pro
1290 2840 1344 2876 στσ
1349 2816 1437 2893 μίας,
1448 2820 1513 2878 duri
1521 2823 1587 2893 oris,
1595 2822 1680 2894 ferus,
1691 2843 1805 2901 pugnax
1816 2845 1824 2881 ι

1043 2925 1071 2963 ν.
1090 2906 1207 2963 Aristot.
1225 2907 1362 2977 tt.n,6‚
1379 2928 1413 2980 17
1426 2928 1454 2965 a.
1476 2911 1578 2986 noel.)
1596 2914 1629 2971 V.
1646 2913 1680 2970 15
1697 2915 1826 2971 lacunam

1043 2993 1178 3049 iudicavit
1200 2994 1331 3053 Dindors.
1354 2995 1424 3052 Earn
1445 2999 1558 3072 expleas
1581 3018 1651 3056 voce
1672 2998 1825 3079 τροφίαι,

1043 3098 1129 3153 quam
1145 3081 1227 3138 facile
1239 3083 1414 3157 neglexerint
1425 3095 1489 3157 post
1504 3087 1623 3141 similem
1640 3085 1721 3165 ἔριφοι
1738 3107 1744 3143 :
1760 3099 1826 3163 apte

1042 3168 1116 3221 enim
1132 3164 1214 3245 ἔριφοι
1221 3165 1324 3245 τροφίαι
1336 3180 1524 3245 opponuntur
1533 3165 1574 3247 βοῒ
1583 3172 1708 3251 ἀγελαίῳ.
1720 3174 1823 3248 Boea.)

1044 3254 1134 3309 Verba
1159 3252 1233 3331 τυρὸς
1258 3252 1352 3320 κοπτὸς
1376 3267 1405 3312 ct
1430 3278 1456 3313 τ.
1482 3256 1579 3332 τμητὸς
1606 3263 1720 3335 respicit
1749 3264 1824 3321 Eust.

1041 3359 1072 3417 φ.
1085 3341 1154 3414 872,
1174 3362 1205 3400 ιι
1220 3384 1228 3414 ,
1244 3353 1273 3400 ct
1285 3364 1315 3419 p.
1338 3363 1424 3414 ιοοι,
1441 3343 1489 3405 51.
1505 3348 1605 3405 ιΕΜ.

1422 3449 1449 3511 3.

1084 3558 1186 3616 Pollux
1200 3579 1231 3635 9,
1248 3559 1308 3617 88:
1325 3559 1387 3639 παρ’
1403 3559 1545 3640 Ἀντιφάνει
1560 3563 1586 3619 ἐν
1601 3564 1638 3641 τῷ
1654 3538 1784 3621 Κύκλωπι

1091 3706 1140 3716 -
1155 3669 1261 3759 Κέρμα
1271 3669 1327 3761 γοίρ
1338 3694 1370 3734 τι
1384 3669 1536 3762 πιγγοίνω.

1043 3788 1124 3845 ldem
1139 3808 1166 3859 7,
1186 3808 1240 3859 170
1254 3808 1262 3845 ι
1275 3785 1396 3867 κέρματα
1409 3786 1436 3847 δὲ
1449 3791 1552 3848 πολλῶν
1564 3790 1742 3864 πληθυντικῶς
1755 3793 1826 3873 εἰρη-

1042 3896 1135 3947 κοτων,
1149 3874 1255 3952 κέρμα
1269 3878 1359 3941 ἑνικῶς
1366 3872 1462 3955 Ἀμφις
1474 3875 1576 3954 ιίρηκεν
1589 3878 1616 3934 έν
1629 3877 1826 3958 Ἀμπελουργῷ,

1042 3961 1088 4019 καί
1103 3964 1171 4023 Ἀντ.
1195 3961 1334 4023 Κύκλωπι.
1351 3967 1465 4022 Dictum
1487 3963 1572 4043 κέρμα
1593 3988 1618 4022 τι
1635 3966 1757 4045 τυγγρίνω
1771 3989 1825 4043 pro

1042 4052 1192 4108 usitatiore
1204 4050 1334 4131 κέρματός
1344 4074 1410 4117 τινος
1421 4074 1460 4122 τ.,
1477 4065 1509 4109 ut
1522 4054 1605 4114 Iliad.
1621 4060 1649 4127 4,
1665 4055 1718 4111 105
1732 4073 1740 4113 :
1754 4054 1826 4134 αἰγὸς

1043 4137 1147 4217 ἀγρίου,
1169 4138 1241 4199 ὃν...
1265 4139 1395 4218 τυχήσας,
1418 4152 1487 4216 etc,
1509 4143 1559 4196 ubi
1582 4142 1670 4201 schol.
1686 4141 1824 4221 ἐπιτυχών.

1043 4229 1159 4302 Eupolis
1167 4226 1307 4303 Prospalt.
1321 4229 1337 4283 3
1355 4248 1361 4284 :
1379 4225 1466 4306 τυχὼν
1482 4226 1579 4289 πάντα.
1594 4233 1739 4306 Polyzelus
1750 4233 1826 4291 Μου-

1043 4336 1095 4371 σων
1109 4318 1196 4392 γοναῖς
1211 4336 1222 4373 1
1239 4336 1246 4371 :

1082 4427 1150 4505 ἱερὸν
1163 4426 1214 4507 γὰρ
1226 4426 1255 4486 δν
1271 4425 1417 4505 τιτύχηκας
1431 4425 1558 4505 έπακρίου
1571 4426 1642 4494 Διός.
1712 4515 1717 4528 Ι

1043 4542 1198 4600 lleiuekius
1211 4552 1305 4600 tamen
1319 4538 1408 4600 λαύὼν
1418 4543 1554 4598 excidisse
1565 4553 1655 4617 putat.

1257 4700 1389 4759 txxvt.
1416 4697 1607 4757 ΚΩΡΥΚΟΣ.

1086 4865 1098 4886 ι
1116 4838 1230 4893 Certum
1240 4837 1389 4910 cst‚hujus
1396 4837 1532 4894 mancatis
1542 4838 1654 4893 titulum
1662 4855 1825 4911 nonpennn

1043 4922 1214 4999 significare,
1243 4924 1293 4981 sed
1316 4921 1445 5001 κώρυκον,
1472 4925 1523 4998 qui
1550 4921 1644 5001 κυρίως
1668 4925 1827 5001 appellatur

1046 5012 1088 5088 (v.
1104 5012 1140 5071 fr.
1158 5012 1193 5082 3,
1209 5032 1269 5069 non
1289 5010 1424 5087 neglectis
1445 5023 1540 5068 tamen
1559 5031 1621 5086 quae
1638 5012 1769 5068 dicentur
1788 5013 1824 5073 fr.

1043 5095 1198 5173 Μνημιίτων
1210 5099 1296 5177 fine);
1312 5100 1383 5156 illud
1397 5110 1489 5156 autem
1506 5101 1644 5155 incertum
1659 5111 1716 5175 cst,
1729 5112 1825 5155 utrum

1043 5189 1057 5243 δ
1070 5186 1164 5270 κυρίως
1177 5186 1293 5267 κώρυκος
1307 5188 1505 5263 intelligendus
1518 5190 1553 5244 sit
1562 5188 1824 5259 follisathlctarum,

1043 5276 1079 5333 dc
1091 5296 1149 5351 quo
1159 5284 1289 5336 accurate
1299 5278 1458 5352 expositum
1470 5278 1501 5331 in
1512 5277 1636 5332 llatthaei
1645 5278 1721 5335 llled.
1736 5278 1825 5336 Graec.

1042 5385 1073 5440 p,
1089 5374 1155 5436 124,
1166 5385 1239 5441 seq.·‚
1250 5386 1286 5422 an
1295 5368 1463 5422 virinomen
1470 5368 1627 5441 proprium.
1640 5391 1651 5414 ν
1664 5368 1688 5419 Ε
1698 5368 1740 5420 Μ.
1753 5367 1825 5424 llist.

1043 5454 1108 5507 crit.
1124 5453 1203 5509 Com.
1220 5472 1251 5527 p.
1276 5451 1344 5511 338.
1364 5455 1423 5511 Viri
1445 5445 1562 5528 quidem
1582 5472 1685 5508 nomen
1702 5449 1825 5529 liciguano<

1042 5540 1121 5595 haud
1134 5542 1270 5613 innotuit,
1285 5541 1335 5597 sed
1348 5543 1558 5612 mmfflsloniae,
1570 5542 1649 5596 urbis
1657 5540 1825 5609 Patnphvliae

1095 5721 1177 5780 capra
1187 5707 1321 5780 coelestis,
1332 5710 1403 5767 aries
1413 5724 1532 5782 pugnax,

1096 5811 1162 5869 aper
1176 5805 1325 5865 castratus,
1336 5814 1383 5855 sus
1394 5813 1450 5853 non
1463 5803 1607 5864 castratus,

1045 5886 1078 5936 1⁵
1097 5882 1241 5953 porculus.
1254 5883 1347 5958 lepus,
1360 5882 1433 5940 hoedi
1448 5882 1587 5948 (altiles),

1096 5985 1190 6027 caseus
1203 5985 1312 6038 recens,
1323 5968 1535 6038 onemundus,

1096 6071 1192 6112 caseus
1203 6065 1350 6124 contusus,
1361 6071 1455 6112 caseus
1467 6070 1559 6123 rasus,

1096 6159 1191 6201 caseus
1206 6144 1356 6211 dissectus,
1372 6159 1467 6201 caseus
1481 6152 1634 6203 retroactus.

1424 6267 1449 6317 3.

1017 6424 1022 6468 Ι
1044 6370 1074 6422 1ο
1089 6364 1194 6419 nummi
1208 6361 1313 6436 aliquid
1325 6363 1417 6419 incidi.
