4084 8009
1686 1490 1842 1549 XEN
1850 1490 2175 1552 Annuus.

314 1625 372 1684 la.
403 1644 451 1681 e.
484 1621 696 1688 ταύτας.
739 1625 808 1681 V.
859 1622 892 1679 5
919 1624 998 1679 sic
1030 1623 1412 1699 Tyrwhittus3
1450 1623 1580 1677 libri
1615 1621 1802 1700 στέρνα
1837 1622 1888 1679 τ’

315 1714 577 1786 ἠμφιεσμ.
636 1714 698 1768 V.
761 1711 798 1768 6
849 1711 1042 1767 malim
1081 1708 1280 1786 γυμνάς
1340 1710 1408 1779 τ’,
1455 1705 1634 1786 ἐφεξῆς
1695 1707 1783 1766 ἐπὶ
1830 1730 1885 1767 κ.

323 1823 347 1848 α
379 1799 597 1856 Eodem
620 1816 784 1855 versu
805 1799 1057 1855 Eubulus
1086 1799 1266 1854 utitur
1303 1798 1366 1853 in
1396 1797 1621 1857 Nunnio
1652 1804 1708 1863 4.
1744 1796 1887 1854 Ver-

314 1904 440 1942 sum
470 1905 509 1961 9
535 1886 700 1942 affert
734 1886 986 1969 Eustath.
1008 1906 1071 1961 p.
1103 1884 1240 1955 883,
1273 1884 1370 1942 36.
1402 1909 1427 1935 υ
1465 1886 1514 1939 E
1535 1886 1620 1943 M.
1651 1887 1825 1940 Versu
1854 1883 1889 1939 8

317 1972 612 2052 στρογγύλῃ
644 1991 660 2033 2
689 1973 791 2030 sed
817 1975 946 2048 quis
980 1974 1276 2029 mulierem
1325 1971 1480 2028 dicat
1535 1969 1893 2048 στρογγύληνῖ

315 2073 506 2136 potest
565 2072 632 2118 ut
671 2060 1006 2118 Xenarchus
1047 2061 1260 2117 dixerit
1306 2060 1683 2138 σφριγανῇ,
1733 2060 1890 2136 quod

314 2149 567 2206 reddidi.
594 2152 665 2209 V.
698 2168 768 2206 ιο
789 2151 939 2206 bene
957 2150 1134 2209 Mein.
1154 2144 1395 2222 κλίμακα
1418 2145 1754 2223 στησάμενον
1782 2167 1890 2222 pro

317 2235 532 2311 κλίμακ’
579 2235 948 2312 αἰτησάμενον.
990 2241 1060 2297 V.
1099 2256 1165 2293 ιι
1218 2235 1350 2293 εἰσδ.
1401 2236 1715 2312 Dobraeus3
1758 2236 1892 2292 libri

316 2322 546 2384 ἐκδῦναι.
566 2326 638 2383 V.
667 2322 735 2380 15
768 2324 922 2383 Eust.
943 2343 1004 2398 p.
1032 2323 1202 2398 1369,
1227 2342 1302 2398 ²9
1326 2340 1342 2381 ε
1366 2320 1511 2399 λέγει
1528 2322 1573 2379 δ’
1595 2321 1892 2402 ἀπφάρια

318 2409 454 2468 κατὰ
485 2409 582 2486 μέν
610 2432 752 2477 τινας
778 2408 846 2468 τὰ
875 2408 1127 2487 ἀδίλφια,
1153 2407 1386 2486 μάλιστα
1411 2408 1464 2468 δὲ
1484 2407 1578 2481 τὰ,
1605 2412 1675 2475 ὡς
1703 2411 1889 2481 εἰπεῖν,

317 2496 542 2576 πατέρια
575 2497 890 2575 (paterna)·
919 2499 1091 2579 ἇπφῦς
1109 2495 1211 2576 γὰρ
1236 2496 1467 2573 δωρικῶς
1496 2498 1525 2553 ὃ
1553 2493 1763 2576 πατὴρ,
1804 2494 1893 2575 ἀφ’

317 2576 377 2643 οὗ
408 2586 610 2658 δηλαδή
654 2608 730 2652 τις
767 2584 882 2666 ἔφυ.
927 2591 996 2646 V.
1040 2586 1109 2643 16
1153 2583 1382 2656 ἑκάστην
1410 2587 1740 2660 Dalecamp.
1784 2605 1892 2660 pro

315 2672 562 2733 ἕκαστον.
609 2675 829 2733 Deinde
862 2676 1131 2731 vitiosum
1171 2683 1314 2750 puto
1357 2672 1549 2747 ἀδεῶς,
1589 2673 1894 2746 scriboque

319 2759 394 2819 ἂν
435 2762 620 2821 ἰδεῖν.
640 2765 710 2821 V.
741 2763 813 2822 18
836 2762 1038 2838 putide
1065 2762 1197 2818 libri
1220 2758 1326 2817 οὔθ’
1355 2757 1535 2837 δρῶντ’
1552 2759 1676 2818 ἰδεῖν
1699 2760 1892 2838 σαφῶς.

317 2853 501 2907 Immo
541 2850 772 2928 ἐρῶντα,
805 2862 1127 2916 amantem,
1171 2850 1273 2924 qui
1313 2849 1466 2905 clare
1507 2848 1700 2905 videre
1741 2849 1893 2920 vult,

320 2959 492 3013 quam
519 2949 688 2996 amet.
721 2937 858 2996 Post
876 2939 1031 2996 hunc
1059 2956 1284 2995 versum
1305 2935 1475 2995 codd.
1503 2938 1762 3012 plerique
1790 2937 1894 2993 ad-

320 3029 466 3085 dunt

399 3138 603 3197 δεδιότα
633 3140 684 3197 ἕν
719 3142 785 3217 τῇ
810 3136 952 3217 χειρὶ
982 3135 1078 3209 τὴν
1100 3133 1275 3214 ψυχὴν
1304 3133 1514 3214 ἔχοντα.

320 3253 463 3310 cod.
493 3252 539 3309 P
569 3251 737 3330 ἔχειν,
766 3251 929 3328 quod
963 3262 1046 3309 est
1070 3249 1469 3308 versificatoris
1504 3250 1649 3305 male
1685 3248 1889 3307 feriati.

319 3345 485 3398 Mitto
510 3344 837 3399 criticorum
858 3341 1164 3398 tentamina
1182 3358 1300 3396 non
1323 3340 1508 3395 minus
1529 3355 1696 3396 vana.
1719 3338 1894 3394 Recte

317 3431 602 3489 Meineck.
647 3431 768 3487 haec
821 3429 1002 3487 deleri
1035 3426 1218 3502 jussit.
1263 3452 1290 3480 ι
1334 3425 1599 3484 formula
1637 3426 1890 3502 (inquit)

318 3516 493 3596 ψυχὴν
525 3521 578 3577 ἐν
624 3517 759 3597 χειρὶ
797 3515 937 3595 ἔχειν
969 3517 1042 3574 de
1078 3517 1407 3575 hominibus
1432 3517 1560 3572 vitae
1588 3514 1893 3571 discrimen

321 3608 692 3680 adeuntibus,
713 3606 875 3680 cujus
895 3607 1147 3681 plurima
1168 3605 1429 3680 exempla
1452 3605 1641 3660 attulit
1656 3603 1729 3659 ad
1757 3604 1814 3658 h.
1848 3605 1888 3661 1.

319 3696 581 3766 Casaub„
596 3714 714 3751 non
736 3696 845 3751 nisi
870 3692 1076 3750 infimae
1098 3694 1272 3749 atatis
1291 3691 1666 3766 scriptoribus
1688 3692 1893 3747 usitata

320 3785 446 3843 fuit.
475 3784 749 3857 Taliaque
767 3780 1150 3839 additamenta
1171 3779 1468 3856 permultis
1485 3778 1621 3834 locis
1646 3797 1712 3834 ex
1741 3797 1894 3834 mar-

317 3873 449 3945 gine
468 3873 525 3926 in
549 3881 760 3927 textum
783 3870 1038 3927 Athena·i
1066 3869 1227 3924 illata
1253 3886 1397 3937 esse,
1424 3886 1496 3923 ne
1521 3869 1638 3941 ipse
1660 3865 1892 3941 quidem

318 3958 585 4018 Dindorf.
616 3959 949 4035 ignorabat,
989 3955 1151 4029 cujus
1183 3955 1316 4012 vide
1343 3955 1503 4031 praef.
1535 3975 1593 4030 p.
1626 3974 1732 4022 20,
1766 3957 1891 4010 col-

316 4046 434 4102 lata
462 4048 770 4103 Henuanni
789 4044 866 4103 ad
891 4048 1064 4103 Drac.
1090 4046 1261 4103 strat.
1284 4062 1341 4118 p.
1367 4049 1463 4110 24.
1491 4046 1689 4099 Versus
1713 4061 1787 4099 2ο
1807 4055 1891 4099 to·

318 4144 410 4190 tus
448 4153 516 4190 ex
560 4133 833 4210 Euripide
870 4131 1126 4202 effictus,
1171 4134 1350 4208 nipp.
1399 4131 1535 4207 393.
1579 4133 1647 4188 V.
1696 4152 1764 4188 2ι
1820 4131 1893 4188 de
1930 4141 1931 4156 ²

321 4224 615 4277 Dracontis
655 4222 877 4296 legibus
913 4222 975 4277 in
1018 4221 1271 4276 moechos
1300 4218 1568 4297 (Pausan.
1597 4239 1635 4293 9
1654 4261 1669 4288 ,
1700 4220 1794 4289 36,
1823 4220 1890 4295 8)

318 4311 466 4366 dixit
486 4310 718 4383 Taylor.
746 4311 931 4367 Lectt.
963 4308 1092 4382 [γε.
1122 4326 1183 4382 p.
1207 4306 1320 4363 303
1343 4308 1529 4365 Reisk.
1564 4331 1586 4356 υ

1082 4457 1135 4493 2.

399 4567 604 4623 Athen.
642 4584 734 4634 10,
766 4583 826 4639 p.
862 4572 999 4636 440,
1021 4566 1067 4621 E
1097 4584 1113 4621 ε
1145 4561 1226 4622 ὅτι
1257 4564 1312 4623 δὲ
1343 4561 1646 4643 φίλοινοντὸ
1672 4567 1775 4623 τῶν
1798 4587 1893 4644 γυ-
1930 4505 1933 4563 i

321 4655 513 4710 ναικῶν
543 4649 718 4731 γένος,
745 4650 936 4709 κοινόν.
968 4650 1063 4710 οὔκ
1090 4649 1395 4731 ἀχαρίστως
1419 4650 1473 4711 δὲ
1504 4651 1594 4710 καὶ
1621 4655 1649 4710 ὁ
1676 4650 1807 4712 Ξέν.
1840 4654 1892 4711 ἐν

320 4742 396 4821 τῷ
441 4742 603 4802 Πεντ.
655 4737 878 4817 γυναῖκά
917 4762 1033 4797 τινα
1062 4738 1261 4818 εἰσάγει
1311 4739 1650 4821 φρικτότατον
1693 4741 1894 4821 (immo

320 4825 704 4909 φορτικώτατον
744 4849 756 4884 :
788 4829 1039 4886 terribile
1061 4827 1295 4905 quidem
1313 4849 1431 4887 non
1460 4841 1541 4887 est
1573 4830 1687 4887 hoc
1710 4829 1891 4903 jusju-

318 4912 601 4994 randum)
620 4912 774 4995 ὅρκον
795 4913 1090 4991 ὀμνύουσαν
1114 4914 1261 4975 τόνδε
1280 4964 1295 4987 ‚

416 5088 513 5099 —
545 5042 700 5139 Ἐμοὶ
726 5049 956 5141 γένοιτο
987 5056 1091 5114 σοῦ’
1121 5041 1355 5133 ζώσης,
1388 5048 1622 5131 τέκνον,

416 5155 711 5248 ἐλεύθερον
740 5164 994 5221 πιοῦσαν
1018 5149 1175 5221 οἶνον
1207 5145 1550 5219 ἀποθανεῒνῖ

327 5308 352 5332 <1
384 5279 684 5360 Ἐλεύθερον
713 5271 848 5340 οἶνον
872 5280 1040 5340 πίνειν
1070 5282 1214 5338 dicit
1238 5284 1444 5338 mulier
1487 5279 1757 5338 bibacula
1781 5299 1891 5357 pro

320 5388 392 5426 eo
412 5411 428 5438 ,
461 5370 619 5444 quod
638 5383 929 5446 exspectes
947 5413 966 5447 ‚
992 5366 1256 5448 ἐλεύθερον
1285 5365 1448 5446 ὕδωρ,
1476 5387 1605 5443 quae
1627 5369 1757 5425 satis
1782 5368 1893 5424 sre-

321 5475 500 5530 quens
540 5457 768 5515 dicendi
790 5459 976 5515 forma
998 5469 1082 5515 est
1110 5458 1185 5516 de
1212 5460 1388 5516 servis
1410 5458 1678 5514 libertate
1711 5456 1892 5513 dona·

318 5545 390 5600 tis
417 5562 431 5603 :
458 5564 514 5602 v.
542 5562 677 5605 ann.
701 5545 775 5602 ad
794 5547 1132 5624 Antiphani:
1151 5543 1433 5625 Ἀλιιπτρ.,
1467 5556 1523 5605 et
1543 5543 1786 5605 casaub.
1817 5544 1894 5601 ad

427 5796 563 5853 Mihi
589 5795 803 5853 eveniat
818 5837 836 5865 ‚
860 5805 951 5864 ut,
977 5804 1030 5853 te
1053 5715 1294 5868 viiente,
1320 5797 1432 5855 fllia
1447 5840 1463 5866 ‚

427 5882 659 5940 liberum
685 5882 880 5962 bibens
904 5884 1092 5940 vinum
1116 5886 1345 5941 moriar!

320 6056 718 6130 Jusjurandum
743 6065 926 6116 autem
957 6073 1060 6130 ego
1077 5975 1332 6116 iuulieris
1354 6058 1481 6115 vino
1506 6058 1758 6115 inscribo.

894 6145 1314 6202 PORPHYRA.

431 6317 613 6373 Poeta>
637 6315 859 6388 quidem
881 6326 1015 6375 sunt
1025 6238 1203 6392 nii-gae
1229 6339 1241 6375 :
1265 6318 1400 6377 nihil
1425 6320 1574 6377 enim
1644 6377 1649 6382 .

532 6421 822 6460 ΙΊΙΑΒΙΕΙΠΑ
850 6424 1127 6462 fontanum
1159 6425 1243 6463 GR·

3438 1504 3552 1552 625
3625 1460 3638 1475 ο

1983 1624 2189 1684 Athen.
2221 1623 2278 1693 3,
2310 1642 2371 1698 p.
2408 1623 2540 1695 123,
2565 1624 2625 1683 C.
2654 1626 2824 1682 Recte
2852 1625 3089 1683 Casaub.
3114 1627 3514 1700 interpretatur
3540 1645 3555 1684 :

1982 1718 2218 1784 utinam,
2240 1717 2565 1788 priusquam
2597 1720 2828 1784 moriar,
2855 1716 3162 1770 libertatem
3185 1734 3405 1788 possem
3429 1735 3562 1771 con-

1980 1808 2140 1875 sequi
2147 1846 2160 1859 .
2200 1828 2223 1851 υ
2258 1801 2307 1856 E
2337 1802 2428 1860 M.

2745 1913 2802 1969 3.

2066 2023 2154 2080 lb.
2182 2044 2243 2099 p.
2276 2030 2415 2099 441,
2445 2026 2490 2079 Ε
2526 2044 2536 2077 :
2572 2021 2698 2081 Ξὲν.
2735 2024 2893 2082 ΙῙεντ.

2083 2130 2274 2231 ὁρκον
2304 2129 2366 2203 δ’
2391 2140 2509 2231 ἐγὼ
2535 2139 2811 2232 γυναικὸς
2830 2137 2912 2215 εἰς
2931 2132 3082 2203 οἶνον
3100 2138 3327 2231 γράφω.

1993 2292 2018 2315 ι
2053 2267 2260 2323 Itidem
2273 2264 2642 2324 bibac‘ltatem
2664 2267 3009 2322 mulierculae
3024 2268 3406 2341 perstringens
3426 2254 3561 2324 οἶνον

1983 2354 2271 2410 substituit
2314 2373 2420 2429 pro
2459 2351 2622 2430 ὕδωρ.
2674 2353 2969 2410 Helladius
3004 2355 3158 2428 apud
3206 2356 3374 2416 phot.
3410 2358 3559 2413 Bibl.

1986 2443 2123 2502 cod.
2156 2464 2272 2519 279
2292 2484 2308 2511 ,
2340 2462 2400 2518 p.
2431 2442 2565 2516 530,
2612 2444 2681 2501 16
2713 2464 2729 2498 ε
2761 2444 2790 2499 δ
2820 2439 2994 2519 στίχος
3028 2446 3055 2499 ὁ
3083 2441 3174 2500 καὶ
3202 2445 3558 2523 παροιμιαζό-

1985 2552 2167 2606 μενος,

2083 2646 2285 2735 ὅρκους
2316 2646 2435 2736 ἐγὼ
2467 2644 2745 2736 γυναικὸς
2769 2642 2852 2721 εἰς
2882 2635 3042 2736 ὕδωρ
3068 2633 3277 2737 γροῖφω
3300 2697 3318 2724 ,

1984 2784 2097 2932 ἕΞτὶ
2132 2784 2227 2860 μὲν
2252 2782 2697 2866 Σοφοκλέους....,
2726 2788 2775 2844 οἱ
2804 2787 2858 2844 δὲ
2887 2785 2981 2853 τὰς
3008 2796 3258 2863 γυναῖκας
3288 2787 3563 2847 σκώπτον-

1983 2897 2014 2931 τ
2043 2896 2068 2940 ς
2096 2896 2249 2953 φασιν

2066 3002 2249 3083 ὅρκους
2274 3000 2377 3081 ἐγὼ
2404 3001 2645 3077 γυναικὸς
2665 3004 2736 3069 εἷς
2762 2991 2895 3062 οἶνον
2922 3004 3125 3085 γράφω.

1935 3159 1937 3163 r
1985 3114 2079 3173 Sic
2115 3119 2267 3173 enim
2298 3114 2552 3192 Scaliger
2584 3136 2695 3192 pro
2733 3116 3009 3175 mendoso
3059 3120 3318 3194 γυναικῶν
3367 3122 3437 3186 εἰς
3479 3108 3564 3177 οἶ-

1986 3225 2108 3261 κτον
2154 3225 2238 3284 γρ.
2286 3204 2640 3279 Phrynichus
2695 3208 2911 3280 Appar.
2958 3207 3124 3283 soph.
3177 3229 3236 3284 p.
3283 3205 3393 3282 55,
3455 3228 3561 3281 17,

1982 3289 2187 3371 Ὅρκον
2222 3289 2465 3368 γυναικὸς
2492 3292 2563 3356 εἰς
2600 3290 2738 3370 ὕδωρ
2775 3290 2881 3372 χρὴ
2910 3292 3126 3373 γράφειν
3160 3313 3175 3352 t
3209 3291 3288 3353 ὅτι
3318 3296 3532 3355 ἀπιστεῖ

1980 3380 2190 3458 γυναικὶ
2216 3380 2291 3438 δεῖ
2317 3378 2601 3457 ὀμννοῦσῃ.
2633 3407 2657 3431 ¹·
2683 3383 2735 3437 E
2756 3384 2843 3439 M.
3516 3409 3520 3414 ·

2513 3517 2605 3577 lv.
2653 3509 3050 3579 noPmYPA.

2067 3675 2091 3699 ι
2126 3645 2421 3728 Πορφύρα,
2472 3668 2646 3725 quam
2692 3653 2749 3709 in
2791 3652 3060 3708 Timoclis
3112 3652 3324 3711 fabulis
3363 3657 3563 3715 Suidas

1940 3756 1943 3766 ‘¹
1983 3750 2421 3807 commemorat,
2471 3738 2542 3795 ab
2589 3740 2712 3795 aliis
2775 3737 3081 3798 Xenarcho
3137 3743 3500 3801 tribuebatur
3546 3769 3558 3801 ε

1983 3844 2039 3881 v.
2070 3825 2275 3884 Athen.
2297 3823 2359 3894 6,
2388 3844 2450 3900 p.
2483 3823 2620 3893 225,
2645 3825 2720 3895 C;
2753 3844 2807 3895 7,
2841 3844 2899 3901 p.
2934 3826 3077 3901 319,
3110 3831 3187 3898 Α,
3221 3849 3311 3901 10,
3337 3851 3399 3905 p.
3426 3833 3562 3899 431.

1984 3915 2055 3971 A.
2091 3912 2305 3969 Eodem
2344 3912 2512 3967 titulo
2549 3909 2801 3970 fabulam
2838 3912 3097 3972 docuisse
3134 3917 3385 3993 Augeam
3424 3920 3564 3977 dicit

1930 4039 1931 4043 ,
1983 3998 2210 4060 Suidas.
2260 4002 2311 4055 A
2352 4002 2666 4057 meretricis
2708 4001 2943 4057 nomine
2998 4002 3232 4059 ductum
3282 4008 3559 4081 suspicari

1981 4087 2116 4143 licet
2131 4128 2149 4156 ‚
2181 4106 2509 4163 quanquam
2532 4088 2674 4143 nihil
2694 4089 2930 4162 impedit
2945 4130 2964 4161 ,
2992 4093 3298 4164 quominus
3322 4093 3393 4151 de
3411 4110 3565 4155 veste

1983 4176 2232 4250 stragula
2261 4177 2592 4251 cogitemus.
2624 4178 2710 4233 Ita
2744 4172 3037 4255 Καλάσιρις
3068 4177 3241 4235 index
3264 4180 3370 4235 fuit
3396 4182 3559 4241 fabu-

1983 4261 2050 4316 1ae
2077 4260 2380 4320 Alexideae.
2406 4286 2431 4312 ι
2466 4264 2516 4317 Ε
2542 4263 2625 4322 Μ,

2750 4394 2801 4433 ι.

2065 4484 2272 4542 Athen.
2294 4484 2353 4554 6,
2383 4506 2445 4561 p.
2482 4484 2619 4560 225,
2644 4486 2711 4562 C,
2734 4487 2806 4543 de
2827 4488 3207 4563 piscariarum
3226 4490 3519 4551 fraudibus
3543 4514 3557 4554 :

1942 4615 1943 4618 ,
1986 4569 2113 4630 Ξέν.
2155 4568 2408 4650 Πορφύρᾳ
2420 4614 2437 4643 ,

2132 4687 2221 4753 Οἱ
2249 4689 2357 4777 μὲν
2382 4688 2632 4760 ποιηταὶ
2652 4688 2836 4781 λῆρός
2854 4688 3002 4755 εἰσιν
3023 4715 3036 4729 ·
3069 4685 3208 4757 οὐδὲ
3243 4692 3301 4758 ἓν

2134 4792 2335 4857 καινὸν
2368 4790 2480 4886 γὰρ
2511 4790 2895 4883 εὑρίσκουσιν,
2915 4792 3081 4862 ἀλλὰ
3099 4802 3415 4891 μεταφέρει

2132 4901 2383 4974 ἕκαστος
2413 4903 2604 4965 αὐτῶν
2624 4897 2795 4966 ταῦτ’
2810 4894 2936 4966 ἅνω
2962 4926 3031 4967 τε
3054 4900 3155 4967 καὶ
3178 4905 3347 4974 κάτω
3368 4928 3382 4941 ·

2136 5012 2260 5069 τῶν
2288 4996 2350 5069 δ’
2384 5003 2771 5095 ἰχθυοπωλῶν
2796 5011 3279 5100 φιλοσοφώτερον
3310 5013 3475 5101 γένος

1992 5103 2032 5174 5
2133 5112 2238 5175 οὐκ
2267 5110 2434 5176 ἔστιν
2464 5105 2637 5176 οὐδὲν
2655 5102 2793 5177 οὐδὲ
2814 5115 3051 5201 μᾶλλον
3082 5114 3348 5180 ἀνόσιον.

2134 5213 2284 5278 Επεὶ
2312 5212 2427 5307 γὰρ
2462 5218 2663 5291 αὐτοῖς
2694 5209 2894 5280 οὐκέτ’
2925 5210 3053 5281 ἔστ’
3089 5215 3320 5297 ἐξουσία

2134 5318 2343 5408 ῥαίνειν
2372 5318 2732 5411 (ἀπείρηται
2764 5313 2831 5386 δὲ
2866 5330 3048 5388 τοῦτο
3074 5331 3161 5409 τῷ
3192 5319 3437 5415 νόμῳ),

2133 5419 2213 5502 εἷς
2241 5449 2335 5502 τις
2367 5425 2584 5492 Θεοῖσιν
2614 5425 2815 5519 ἐχθρὸς
2844 5422 3144 5520 ἄνθρωπος
3164 5425 3392 5515 πάλαι,

2130 5527 2570 5622 ξηραινομένους
2597 5537 2677 5609 ὡς
2713 5525 2839 5597 εἶδε
2869 5532 3005 5609 τοὺς
3034 5532 3197 5625 ἰχθῦς
3215 5583 3233 5619 ,
3257 5526 3289 5563 ⁴³
3306 5532 3512 5626 μάχην

2096 5711 2221 5767 novi
2249 5711 2569 5778 inveniunt,
2589 5710 2686 5768 sed
2709 5709 2967 5767 transfert

2093 5812 2281 5855 eorum
2300 5798 2530 5871 quisque
2550 5796 2740 5854 eadem
2772 5806 3030 5869 perpetuo
3048 5816 3063 5864 ;

2095 5885 2341 5958 piscariis
2372 5894 2553 5943 autem
2585 5885 2884 5958 sapientius
2908 5900 3082 5959 genus

1987 5982 2019 6031 ⁵
2095 5973 2309 6031 nullum
2333 5981 2446 6040 est,
2477 5989 2653 6047 neque
2676 5972 2993 6046 improbius

2094 6061 2366 6133 Quoniam
2389 6063 2536 6117 enim
2552 6060 2659 6118 illis
2678 6077 2793 6120 non
2816 6062 2947 6120 lieet
2964 6062 3204 6135 amplius

2094 6148 2419 6222 adspergere
2443 6148 2676 6223 (quipp‘e
2698 6148 2804 6207 hoe
2828 6149 2945 6221 lege
2975 6150 3312 6223 prohibitum
3340 6160 3422 6207 est
3442 6157 3483 6217 ),

2092 6235 2315 6308 quidam
2342 6234 2573 6293 deorum
2608 6236 2869 6293 inimicus
2890 6235 3105 6293 dudum
3126 6236 3320 6303 homo.

2097 6330 2158 6379 ut
2183 6322 2415 6379 siccatos
2437 6322 2702 6381 inutiliter
2727 6322 2860 6379 vidit
2884 6324 3073 6398 pisces,

3292 6427 3341 6464 '00
