4084 8009
255 1544 313 1594 ⁴32

252 1686 311 1737 ται,
335 1667 485 1741 inquibus
504 1668 710 1741 ineptissimum
732 1678 772 1722 est
794 1665 922 1745 ἁμαρτεῖν
944 1685 952 1725 :
972 1686 1038 1723 natu

252 1751 367 1830 γίγνεται
379 1774 469 1830 parvo
479 1756 628 1811 intervallo
637 1754 790 1829 repetitum
800 1755 910 1810 mireris
921 1755 1040 1828 quidem

252 1858 340 1914 quum
353 1838 476 1918 τυγχάνει
490 1843 536 1898 vel
546 1843 636 1897 simile
650 1841 789 1914 quiddam
800 1852 964 1916 suppeteret
976 1860 1039 1897 sen·

253 1930 343 1984 tentiae
352 1948 361 1997 ;
369 1929 419 1984 sed
429 1930 603 2004 negligentes
615 1945 822 2003 nonnunquam
830 1929 886 1985 hoc
896 1929 927 1984 in
938 1945 1039 2006 genere

252 2024 318 2071 sunt
327 2027 430 2091 poetae,
442 2029 471 2073 et
484 2018 703 2093 negligentiores
715 2020 800 2074 etiam
809 2018 933 2087 librarii,
947 2036 1037 2092 quum

251 2104 418 2177 glossemata
436 2124 497 2161 non
518 2104 725 2180 distinguunta
742 2106 884 2181 genuinis,
899 2105 979 2180 quod
992 2106 1039 2161 hlc

252 2189 404 2248 omninum
417 2210 476 2250 esse
489 2193 629 2269 unpicor.

632 2323 659 2362 a.

293 2415 372 2471 ldem
386 2416 425 2472 ib.
438 2435 510 2488 117,
530 2435 557 2491 1,
568 2434 633 2471 eum
647 2416 778 2471 lemmate
792 2411 996 2492 Ἀναξανδρίδου.

301 2532 395 2598 Οὔτοι
408 2532 445 2598 τὸ
458 2530 553 2624 γῆράς
567 2534 663 2617 ἐστιν,
680 2537 720 2607 ὡς
734 2528 801 2615 οἴει,
820 2529 917 2621 πάτερ
931 2580 940 2613 ,

302 2643 363 2700 τῶν
377 2633 505 2726 φορτίων
520 2638 680 2728 μέγιστον,
706 2636 794 2719 ἀλλ’,
814 2633 845 2711 ὃς
862 2630 898 2699 ἂν
919 2638 989 2727 φέρῃ

302 2741 483 2832 ἀγνωμόνως
498 2741 579 2825 αὕθ’,
596 2739 680 2818 οὗτός
695 2744 777 2807 εὀτιν
792 2739 900 2817 αἴτιος·

302 2840 340 2911 διν
349 2840 379 2910 δ’
390 2846 532 2931 εὐκολως,
550 2844 642 2912 ἐνίοτε
656 2842 807 2938 κωμάζειν
821 2852 915 2930 ποιεῖ,

255 2946 275 3018 5
303 2946 548 3044 μεταλαμόοίνων
566 2947 694 3029 ἐπιδέξι’
710 2957 803 3019 αὐτοῦ
817 2952 869 3018 τὸν
884 2952 1006 3042 τρόπον,

300 3061 399 3134 λόπην
412 3055 443 3127 τ’
458 3060 606 3152 ἀφαιρῶν,
624 3053 733 3134 ἡδονιίν
746 3085 782 3126 τι
796 3057 982 3151 προστιθεὶς,

301 3170 404 3232 λιπεῖν
419 3159 453 3233 ll
466 3165 588 3249 areidae,
604 3164 679 3233 εἴτι
694 3158 850 3233 δυοκολων
864 3167 940 3255 ἔχει.

256 3289 376 3343 Versus
398 3287 503 3345 coda
519 3283 659 3363 φροντίδων
673 3304 728 3360 pro
747 3282 868 3362 φορτίων.
885 3289 918 3345 V.
933 3293 949 3352 4
966 3280 998 3339 δν
1018 3280 1040 3338 δ’

258 3372 372 3438 εὖιιολως
408 3392 444 3430 ex
471 3375 601 3432 Arsenio.
629 3375 722 3449 Vulgo
756 3371 810 3429 οὐδ’
839 3371 896 3429 eia.
931 3369 1042 3426 Ibidem

255 3462 340 3535 vulgo
353 3458 493 3535 κοιμίζειν,
507 3461 586 3534 quod
598 3462 738 3537 ineptum.
753 3460 846 3535 Prope
855 3477 955 3515 verum
972 3457 1040 3513 cod.

256 3553 279 3603 Λ
294 3548 420 3623 κομίζειν.
432 3547 469 3607 V.
486 3568 502 3619 7
516 3548 582 3604 libri
596 3545 681 3619 λόπην
693 3545 722 3604 δὲ
739 3548 830 3617 ποιῶν,
846 3566 908 3622 qnae
918 3544 967 3601 alii
982 3547 1037 3601 ali·

256 3646 314 3706 ter,
328 3636 379 3691 sed
393 3637 485 3691 minus
496 3638 711 3708 verosimiliter,
724 3646 915 3694 mutaverunt.
937 3632 972 3691 ln
984 3633 1042 3691 fine

253 3724 320 3779 libri
331 3719 356 3780 εί
368 3743 406 3789 τις
420 3722 562 3789 δυσκόλως.

634 3830 660 3887 3.

296 3944 398 4001 Athen.
412 3942 441 4013 5,
452 3963 484 4020 p.
502 3963 570 4014 aaa,
583 3947 605 4000 Β
624 3964 630 3999 :
645 3941 714 4001 κατὰ
725 3939 776 4021 γδρ
788 3942 833 4002 τὸν
844 3941 1042 4023 κωμῳδιοποιόν

205 4101 218 4120 ι
255 4021 453 4109 Ἀναξανδρίδην

351 4183 400 4194 -
410 4137 526 4219 Ἡδονὴν
540 4146 624 4236 ἔχει,

236 4321 242 4331 ‚
302 4253 378 4316 όταν
392 4277 440 4327 τις
456 4254 520 4344 εὕρῃ
537 4253 638 4318 καινὸν
654 4251 809 4345 ε’νθόμημοὶ
823 4280 869 4335 τι,

303 4349 412 4430 δηλοῦν
427 4356 552 4424 α’ίπαοιν·
570 4359 599 4424 οἱ
614 4352 648 4424 δέ
663 4365 693 4451 γ’
710 4363 847 4425 αὐτοῖσιν
872 4359 956 4450 σοφοὶ

302 4471 420 4554 πρῶτον
435 4463 490 4554 μὲν
502 4466 554 4528 οὐκ
566 4465 668 4553 ἔχουσι
682 4474 735 4541 τῆς
750 4468 857 4554 τέχνης
871 4469 990 4556 κριτὴν,

258 4564 277 4635 5
304 4564 373 4634 εἶτα
389 4569 574 4659 φθονοῦνται.
590 4574 658 4661 Χρὴ
674 4568 731 4662 γὰρ
747 4569 787 4647 εἰς
802 4572 893 4661 ὄχλον
907 4576 1000 4663 φέρειν

303 4672 428 4758 ἅπανθ’,
443 4671 489 4740 όο’
506 4672 542 4741 οἷν
557 4702 604 4754 τις
618 4673 776 4749 καινότητ’
792 4680 871 4766 ἔχειν
886 4671 974 4770 δοκῇ.

254 4803 341 4856 Versu
355 4799 468 4856 3codd.
484 4804 532 4857 VL
547 4800 577 4859 δι’
594 4801 618 4878 γ’
639 4803 773 4877 αὐτοῖσιν,
793 4806 862 4861 ABC
885 4803 908 4859 δ’
928 4802 1039 4873 αὐτοῖσι,

254 4884 315 4943 Ρδί
329 4887 456 4946 αὐτοῖσιν.
472 4892 528 4945 Pro
540 4891 633 4946 lubitu
649 4892 728 4948 Pors.
741 4889 764 4946 δ’
776 4891 916 4949 ἑαυτοῖσιν.

308 5109 311 5116 ,
631 5063 659 5112 2.

292 5141 470 5214 Nequaquam
484 5150 612 5200 senectus
625 5152 684 5211 est,
694 5152 831 5216 utpotae,
845 5153 930 5215 pater,

291 5241 405 5283 onerum
416 5230 581 5297 maximum,
594 5230 659 5297 sed,
676 5231 721 5303 qui
736 5230 926 5303 imprudenter

291 5329 351 5369 eam
364 5314 434 5384 lert,
447 5316 493 5375 illa
508 5326 551 5375 est
562 5318 732 5392 culpandum

290 5413 370 5470 narn,
394 5404 442 5477 qni
464 5405 624 5475 eommode,
652 5404 789 5461 interdum
812 5420 872 5461 eam
901 5406 1040 5461 comissari

945 5492 1036 5560 [facin

255 5579 272 5627 5
292 5579 376 5644 perite
387 5592 491 5633 morem
500 5578 559 5650 ejns
570 5586 759 5644 commutans,

294 5676 493 5735 moeroremque
507 5664 634 5733 demens,
652 5673 680 5722 at
691 5665 859 5737 voluptatem
869 5664 1003 5732 afferens,

293 5754 350 5804 turn
363 5750 514 5824 relinquere
523 5753 658 5821 suadens,
671 5754 694 5811 ei
708 5751 776 5827 quid
790 5752 897 5809 molesti
908 5744 997 5810 habet.

632 5846 659 5896 3.

326 5951 363 5965 -
376 5925 541 5983 Delectabile
552 5935 608 5997 eat,

292 6009 387 6083 siquis
400 6029 501 6071 novum
516 6013 645 6087 quiddam
656 6016 776 6081 invenit,

292 6093 320 6148 id
332 6098 459 6155 omnibns
475 6101 594 6171 aperire;
610 6100 658 6173 qui
669 6116 731 6157 vero
740 6101 790 6156 sibi
800 6099 866 6157 solis
878 6100 1002 6171 sapiunt,

293 6182 410 6251 primurn
425 6187 536 6258 quidem
551 6204 607 6244 non
623 6187 724 6244 habent
735 6188 799 6243 artis
812 6186 943 6258 judicem,

259 6271 273 6320 5
293 6266 391 6326 deinde
403 6272 528 6329 invidiosi
538 6282 609 6330 sunt.
625 6273 839 6329 l‘nbliearienirn
852 6281 960 6343 oportet

295 6355 404 6424 omnia,
419 6373 480 6427 qun
489 6359 551 6430 quis
560 6361 707 6416 novitatem
720 6358 819 6416 babere
834 6366 918 6430 putat.

682 1520 685 1530 '
765 1535 902 1595 nanta·
928 1534 1132 1602 contenta
1153 1538 1362 1612 aerioma.

1462 1682 1490 1739 4,

1103 1785 1251 1839 'Stobaens
1265 1786 1371 1843 Floril.
1395 1793 1442 1855 41,
1464 1805 1491 1856 ο,
1510 1806 1574 1842 curn
1592 1788 1724 1844 lemmate
1743 1783 1869 1857 Ἀναξαν-

1084 1869 1181 1949 δρίδου.

1133 1996 1228 2081 ὅστις
1242 2007 1348 2098 λόγους
1361 2008 1622 2098 παρακαταθήκην
1635 2004 1714 2102 (ἂν)
1726 2005 1831 2076 λαθὼν

1133 2104 1262 2195 ἐξεῖπεν,
1279 2107 1383 2189 α’δικός
1396 2117 1477 2179 ἐστιν
1491 2115 1511 2187 ἥ
1527 2122 1558 2207 γ’
1575 2116 1710 2203 ἀκρατὴς
1723 2112 1815 2209 οἷγαν·

1133 2221 1149 2281 ό
1163 2218 1216 2308 μὲν
1230 2210 1282 2283 διὰ
1302 2212 1403 2311 κέρδος
1417 2213 1535 2303 ἄδικος,
1557 2227 1573 2286 ό
1589 2215 1623 2287 δὲ
1638 2223 1747 2288 τοότοο
1761 2217 1837 2312 δίχα

1133 2323 1281 2414 ἀκρατής·
1298 2322 1360 2391 ἴσον
1375 2319 1410 2393 δι’
1422 2333 1453 2418 γ’
1472 2325 1544 2393 εἰσὶν
1558 2326 1721 2419 ἀμφότεροι
1735 2332 1841 2396 κακόν.

1088 2461 1100 2485 «
1113 2437 1207 2495 Habet
1219 2437 1279 2493 haec
1289 2440 1373 2495 etiarn
1390 2441 1529 2496 Maximus
1540 2441 1665 2499 sentent.
1687 2441 1737 2515 93,
1753 2461 1784 2518 p.
1805 2443 1868 2512 154,

1084 2525 1134 2579 ubi
1149 2544 1247 2600 margo
1264 2529 1485 2595 Alexandrini.
1501 2531 1731 2589 Anauondridoe.
1750 2555 1763 2580 υ
1783 2534 1809 2585 Ε
1823 2535 1865 2590 M.

1085 2616 1172 2668 Versu
1190 2614 1283 2669 rlibri
1294 2609 1342 2673 ³0.
1356 2615 1384 2674 λ.
1400 2614 1451 2693 γὰρ
1461 2637 1576 2693 napea„
1596 2617 1646 2673 sed
1665 2618 1798 2674 omissum
1817 2618 1868 2698 γὰρ

1085 2702 1163 2775 apud
1174 2703 1347 2777 Maximum,
1360 2714 1390 2759 et
1401 2705 1581 2761 videturesse
1593 2707 1722 2781 sphalma
1732 2725 1785 2781 pro
1799 2729 1868 2785 παρ·

1084 2788 1254 2859 scribendo;
1269 2808 1329 2845 non
1344 2794 1514 2866 expunxerit
1532 2788 1582 2870 γδρ
1600 2793 1751 2867 librarius,
1765 2813 1802 2851 ne
1816 2816 1868 2850 co-

1083 2874 1139 2929 dex
1161 2876 1247 2931 litura
1261 2877 1426 2934 soedaretur.
1445 2882 1511 2936 Non
1530 2891 1608 2937 recte
1627 2883 1759 2938 nonnulli
1782 2880 1821 2941 ‘0
1839 2883 1865 2942 λ.

1083 2981 1149 3038 παρ.
1162 2958 1213 3040 γίιρ
1226 2962 1325 3021 λαόιδν.
1338 2963 1374 3025 V.
1394 2985 1412 3022 a
1425 2969 1512 3043 vulgo
1531 2962 1549 3037 ἢ
1569 2968 1643 3046 dap„
1658 2970 1738 3045 qnod
1758 2973 1867 3026 incom-

1084 3051 1170 3107 mode
1184 3053 1335 3128 legendum
1349 3051 1454 3125 loretit
1470 3053 1587 3133 ’κρατός
1603 3060 1637 3118 V.
1661 3065 1678 3124 4
1699 3062 1737 3115 ita
1758 3061 1865 3134 Reisig,

1084 3139 1225 3213 Conjectt.
1244 3159 1270 3213 r,
1286 3162 1315 3217 p.
1329 3141 1377 3213 36,
1392 3144 1480 3219 idque
1499 3156 1637 3202 monstrat
1650 3144 1676 3202 Α
1699 3144 1773 3223 (ἴσον
1783 3168 1866 3204 -ιια-

1084 3223 1145 3307 κοῦ)
1156 3239 1185 3285 et
1197 3227 1294 3290 Trinc.
1313 3227 1513 3306 (ἴσου-κακοῦ
1521 3233 1541 3309 l.

1463 3362 1490 3423 5.

1125 3497 1204 3554 ldem
1218 3498 1257 3555 ib.
1272 3503 1322 3567 74,
1340 3516 1366 3567 ι,
1383 3516 1448 3552 euru
1461 3495 1564 3552 eodem
1575 3497 1717 3555 lemmate.

1134 3615 1264 3686 Χαλεπὴ
1279 3610 1381 3704 (λέγω
1391 3610 1449 3702 σοι)
1458 3608 1511 3677 καὶ
1520 3610 1703 3703 προσάντης,
1716 3608 1739 3676 ὦ
1750 3615 1865 3694 τέκνον,

1134 3712 1201 3797 ὁδός
1215 3722 1310 3801 ἐστιν,
1327 3722 1366 3794 ὡς
1384 3718 1436 3783 τὸν
1449 3720 1557 3808 πατέρ’
1573 3717 1716 3785 ἀπελθεῖν
1731 3712 1835 3787 οἴκαδε

1134 3830 1206 3916 παρ’
1224 3818 1344 3916 ἀνδρὸς,
1360 3827 1427 3900 ἥτις
1442 3822 1509 3889 ἐστὶ
1521 3850 1635 3916 κοομια
1650 3832 1736 3920 γυνιί·

1133 3929 1221 4023 ὁγὰρ
1237 3924 1358 4008 δίαυλός
1372 3934 1453 4027 εστιν
1469 3930 1614 4021 uio-girat
1628 3933 1719 4021 ἔχων.

1086 4078 1177 4138 Versu
1190 4077 1206 4133 3
1217 4080 1256 4135 sic
1271 4079 1338 4138 cod.
1352 4084 1376 4137 Α
1390 4090 1417 4136 et
1426 4081 1536 4149 Trina,
1552 4081 1637 4155 νιιίςο
1653 4076 1724 4144 είτις.

1464 4206 1492 4264 6.

1125 4335 1227 4390 Athen.
1247 4354 1272 4405 1,
1286 4354 1317 4410 p.
1333 4334 1380 4404 34,
1394 4338 1435 4405 D,
1451 4335 1488 4391 de
1502 4336 1647 4409 raphano,
1663 4336 1806 4392 ebrietatis
1821 4356 1868 4391 re-

1086 4425 1180 4480 medio
1197 4445 1204 4482 :
1221 4422 1425 4501 Ἀναξανδρίδης·

1182 4595 1231 4603 -
1245 4549 1307 4622 liv
1320 4554 1474 4647 λοιίσγοθοί
1493 4581 1563 4639 νυν,

1133 4661 1262 4750 ῥάφανόν
1277 4686 1311 4726 τε
1324 4665 1440 4734 πολλὴν
1454 4661 1603 4756 ἐντρόγγς
1618 4687 1674 4756 γε,
1692 4666 1769 4731 παῦέ
1786 4689 1820 4731 τε

1132 4768 1169 4832 τὸ
1189 4766 1297 4858 βάρος,
1322 4761 1472 4835 διασκέδα
1486 4794 1522 4836 τε
1539 4770 1698 4860 sinposia
1718 4781 1767 4835 νῦν
1782 4774 1863 4860 νέφος

1080 4912 1085 4923 -
1105 4966 1107 4972 Ι
1131 4872 1179 4938 ἐπὶ
1196 4884 1249 4942 τοῦ
1264 4879 1435 4966 προσώπου.

1466 5061 1493 5109 4.

1087 5140 1216 5213 Quisquis
1226 5156 1364 5197 sermones
1378 5139 1550 5198 concreditos

1088 5228 1209 5300 evulgat‚
1225 5229 1343 5300 injnstus
1357 5238 1400 5285 est
1413 5229 1455 5285 vel
1464 5229 1546 5284 nimia
1556 5231 1741 5302 intemperans
1755 5245 1763 5281 ε

1081 5316 1156 5372 'alter
1168 5314 1282 5387 quidem
1301 5314 1369 5371 lueri
1388 5330 1470 5371 causa
1489 5315 1607 5386 injustus
1618 5324 1670 5384 est,
1683 5315 1765 5386 liujus
1778 5321 1869 5369 autent

1603 5433 1613 5448 ·
1695 5404 1763 5471 [vitii
1777 5418 1870 5473 expers

1088 5491 1272 5563 intemperans
1288 5507 1295 5542 :
1310 5504 1357 5561 par
1370 5496 1460 5546 autem
1474 5490 1582 5562 utrique
1591 5497 1657 5547 sunt
1667 5490 1779 5546 malum.

1468 5583 1495 5634 5.

1089 5662 1215 5720 Dillieilis
1228 5662 1308 5733 (dioo
1319 5663 1385 5730 tibi)
1398 5672 1481 5736 atque
1491 5661 1575 5719 ardua
1586 5671 1637 5729 est,
1652 5663 1751 5726 ofilio,

1088 5751 1129 5809 via
1141 5750 1255 5806 domum
1270 5750 1303 5807 ad
1318 5757 1422 5821 patrem
1434 5750 1475 5806 ire

1087 5853 1103 5894 a
1115 5839 1212 5894 marito
1223 5878 1231 5906 ,
1242 5838 1264 5893 si
1274 5852 1335 5909 qum
1347 5836 1469 5893 modesta
1482 5846 1523 5893 est
1536 5837 1636 5894 mulier
1648 5858 1653 5891 :

1087 5924 1139 5982 hoe
1154 5926 1226 5982 enim
1241 5925 1406 5983 eurrieulunt
1417 5925 1596 5997 ignominiam
1607 5926 1694 5984 allen-

1465 6018 1491 6066 6.

1124 6128 1159 6140 -
1174 6103 1266 6171 Quum
1281 6100 1363 6171 igitur
1378 6099 1474 6155 laveris
1489 6141 1496 6165 ,

1089 6188 1293 6260 raplranumque
1304 6187 1420 6242 multam
1433 6188 1597 6251 eotnetleris,

1086 6283 1113 6329 et
1127 6274 1212 6344 ainoe
1223 6288 1307 6338 onus,
1320 6281 1347 6327 et
1358 6271 1456 6343 dissipa

1093 6357 1296 6431 irnpendentent
1313 6356 1388 6413 faciei
1401 6358 1512 6413 nubem.
