4084 8009
214 1564 269 1615 ⁴84
389 1553 391 1557 Α

208 1686 312 1756 standi,
330 1684 509 1740 concubitus.
523 1685 554 1740 V.
569 1681 586 1737 6
601 1680 723 1738 ridicule
737 1682 909 1738 describitur
920 1700 992 1739 ona-

209 1778 274 1842 uio,
300 1794 358 1849 quo
380 1772 526 1829 redactum
554 1772 624 1827 dicit
644 1779 801 1827 amatorem
825 1772 991 1829 invalidum.

210 1862 333 1919 hleineh.
348 1859 466 1935 conjicit
480 1857 526 1928 τὴν
541 1855 687 1932 ἀναγκαίαν
697 1857 804 1936 φύσιν.

588 2020 614 2055 2.

251 2142 330 2199 Idem
345 2141 416 2216 8,p.
445 2139 512 2209 336,
530 2142 574 2196 C:
598 2139 642 2194 καί
664 2135 760 2216 ’Λμφις
778 2137 805 2195 δὲ
831 2142 844 2196 ὁ

210 2228 284 2296 ποιδς
295 2230 320 2285 ἐν
337 2226 406 2289 Ἰαλ.
421 2225 499 2307 φησίν

859 2141 994 2218 κωμῳδιο·

261 2339 356 2424 ὅστις
374 2341 407 2413 δὲ
423 2346 526 2422 θνητὸς
538 2345 694 2437 γενόμενος
710 2350 749 2435 μὴ
766 2355 811 2427 τῷ
826 2343 881 2430 βίῳ

260 2450 350 2535 ζητεῖ
361 2480 393 2520 τι
407 2452 533 2543 τερπνὸν
550 2454 740 2543 προσφέρειν,
754 2449 794 2517 τά
805 2444 836 2517 δ’
853 2448 924 2518 ἀλλ’
946 2454 994 2537 te,

265 2560 389 2652 μάταιός
403 2563 485 2625 ἐστιν
502 2558 533 2622 ἔν
548 2563 577 2650 γ’
599 2558 666 2648 ἐμοὶ
681 2556 732 2624 καὶ
747 2566 811 2636 τοῖς
825 2564 925 2648 σοφοῖς

262 2672 381 2758 κριταῖς
398 2663 523 2747 άπασιν,
543 2666 576 2729 ἐκ
590 2663 662 2729 θεῶν
680 2688 715 2729 τε
735 2655 898 2753 δυστυχής.

213 2805 303 2861 Versu
318 2803 334 2860 3
350 2800 378 2861 ἔν
387 2799 410 2881 γ’
425 2797 485 2878 ἐμοί
496 2802 614 2860 Porsou.
629 2819 685 2879 pro
696 2802 797 2858 vitioso
812 2797 867 2881 ίργ’
883 2797 942 2877 ἐμοὶ
954 2800 997 2858 νε]

211 2891 280 2969 Ιἔργα
297 2913 352 2967 μοι.

597 3005 623 3061 3!

257 3120 337 3176 ldem
354 3140 382 3190 7,
397 3138 426 3194 p.
441 3118 511 3194 309,
522 3117 563 3188 A,
578 3118 614 3173 de
634 3117 769 3171 coracino
788 3118 867 3189 pisce
882 3135 888 3169 :
906 3107 1003 3192 Ἄμφις

218 3209 240 3264 δ’
257 3210 282 3265 ἐν
295 3206 360 3266 ‘leit

267 3315 362 3398 ὅστις
378 3327 532 3412 κορακῖνον
550 3318 640 3385 ἐσθίει
658 3315 822 3383 θαλάττιον

270 3430 401 3519 γλαύκου
416 3426 574 3515 παρόντος,
590 3422 676 3498 ούτος
690 3425 744 3489 οὐκ
761 3422 826 3510 ἔχει
836 3424 949 3513 φρένας.

483 3614 562 3673 xlv.
587 3612 739 3672 ΚΟΥΡΙΣ.

262 3907 365 3964 Athen.
382 3903 427 3974 13,
439 3922 471 3980 p.
486 3899 551 3974 567,
572 3902 593 3958 F
617 3919 624 3956 2
641 3895 739 3957 τούτοιν
762 3898 814 3955 τῶν
836 3899 945 3974 ἑταιρῶν
964 3896 1008 3954 καί

222 3991 264 4053 'A.
281 3986 437 4069 μνημονεύει
450 3989 476 4047 ίν
492 3986 616 4066 Κουρίδι,
628 3985 711 4063 λέγων

272 4135 411 4226 Τυφλδς,
437 4131 571 4224 (τυφλὸς
594 4122 649 4221 δ’)
667 4134 684 4196 ό
701 4135 836 4206 Πλοῦτος
859 4124 935 4195 εἷναί
958 4154 1009 4221 μοι

902 4228 1007 4319 δοκεῖ,

273 4350 354 4424 όστις
374 4370 410 4437 γε
424 4341 507 4436 παρὰ
520 4344 634 4416 ταύτην
650 4342 704 4435 μὲν
717 4344 769 4408 οὐκ
787 4340 971 4435 εἰσέρχεται,

274 4452 357 4545 παρὰ
372 4445 407 4519 δὲ
423 4453 560 4544 Σινιύπρ,
574 4449 626 4515 καὶ
636 4452 734 4543 Λύκγ,
754 4449 806 4515 καὶ
822 4449 959 4532 Ναννίῳ,

277 4563 391 4652 ἑτέραις
405 4585 438 4625 τε
455 4559 624 4623 τοιαύταισι
638 4556 750 4648 παγίσι
764 4565 819 4621 τοῦ
836 4554 900 4640 βίου

230 4662 249 4733 5
277 4658 361 4732 ἔνδον
378 4664 485 4736 κάθητ’
504 4663 722 4746 ἀπόπληκτος,
738 4652 800 4727 οὐδ’
816 4655 863 4737 ἐξέ
879 4685 983 4750 γεται.

229 4816 318 4869 Versu
333 4812 348 4867 3
364 4812 431 4867 libri
446 4809 523 4888 Λύκφ
542 4810 649 4881 dorice,
661 4832 678 4877 η
692 4820 719 4865 et
731 4828 748 4862 α
765 4811 965 4878 commutatis,
982 4819 1013 4864 ut

229 4895 307 4961 ulios,
324 4892 377 4945 nisi
389 4890 482 4946 fallor.

609 5024 635 5058 2.

274 5160 284 5182 ιι
303 5135 337 5188 ln
353 5132 451 5189 eadem
467 5144 547 5207 parte
568 5131 669 5187 labulae
684 5130 802 5205 Amphis
816 5132 900 5186 etiam
925 5130 1014 5203 Phry·

230 5241 280 5279 nes
308 5222 418 5278 divitias
437 5238 672 5277 commemorasse
696 5219 818 5275 videtur.
842 5220 946 5275 Athen.
971 5220 1012 5276 ib.

231 5331 260 5387 p.
276 5311 344 5385 591,
362 5314 386 5366 D
408 5328 414 5368 :
437 5306 524 5387 είρηκε
546 5305 573 5363 δὲ
593 5306 654 5384 περὶ
668 5309 713 5362 τοῦ
725 5303 839 5363 πλούτου
855 5307 935 5376 αὐτῆς
951 5303 1013 5383 (τῆς

232 5397 359 5478 Φρύνης)
424 5395 470 5453 καί
484 5393 579 5473 ’Λμφις
598 5395 624 5451 ἐν
638 5392 756 5472 Κουρίδι.
771 5418 783 5443 ν
798 5396 823 5448 Ε
836 5397 879 5450 Μ.
1039 5393 1043 5464 ί

614 5571 640 5621 2.

234 5655 411 5727 Quicumque
425 5653 549 5708 mortalis
565 5661 645 5708 natus
659 5668 714 5709 non
728 5653 819 5709 studet
834 5653 895 5709 vitae

234 5740 393 5797 delectabile
406 5737 540 5812 quiddam
550 5737 661 5806 offerre,
675 5741 770 5796 ceteris
782 5741 890 5803 missis,

234 5828 335 5884 stultns
347 5834 387 5882 est
399 5842 459 5882 meo
469 5833 496 5882 et
508 5828 634 5884 omnium

235 5915 391 5987 sapientum
404 5911 520 5985 judicio,
533 5912 720 5985 divinitusque
733 5911 840 5969 infelix.

617 6006 642 6057 θ.

237 6087 367 6159 Quisquis
376 6084 534 6141 coracinum
546 6084 603 6140 edit
621 6086 770 6148 morinum.
841 6127 843 6131 ι

237 6174 257 6228 si
271 6173 385 6244 glaucus
396 6169 484 6237 adest,
495 6171 518 6225 is
530 6171 631 6227 mentis
643 6184 699 6224 non
712 6175 754 6224 est
767 6183 888 6241 compos.

533 6257 725 6312 TonsTlttx.

615 6348 641 6398 l.

273 6430 369 6485 smnus
379 6432 488 6501 (nutem
501 6469 508 6500 ,
519 6442 608 6485 cocus
618 6433 628 6498 )
640 6428 706 6486 milri
716 6427 824 6487 videtur
836 6443 895 6487 esse
909 6429 1016 6496 Plutus,

720 1509 858 1609 nonin
879 1545 1089 1610 conmotis
1109 1544 1314 1619 nunionis.

1289 1675 1352 1736 xV.
1376 1674 1579 1736 ΚΥΒΕΥΤΛΙ.

1082 1817 1184 1874 Pollux
1204 1836 1232 1887 7,
1249 1815 1329 1871 203:
1355 1814 1520 1895 σκιράφια
1534 1814 1633 1874 καὶτὸν
1648 1837 1846 1898 σκιραφευ·

1043 1903 1103 1975 τὴν
1124 1898 1223 1982 1’Λμφις
1245 1902 1348 1981 είρηκεν
1366 1903 1393 1959 ίν
1412 1910 1466 1968 τοῖς
1487 1901 1646 1971 Κυάιυταῑς.
1669 1906 1845 1982 Stephanus

1046 1996 1162 2067 Byzant.
1179 2012 1208 2067 p.
1223 1992 1278 2062 607
1297 2010 1305 2049 ι
1319 1989 1348 2047 τὸ
1359 1988 1494 2071 σκιράφιον
1505 2034 1536 2053 ...
1548 1990 1623 2063 δηλοῖ
1636 1990 1681 2050 τὸν
1692 1991 1791 2065 τόπον,
1804 1994 1845 2060 εἰς

1043 2078 1072 2137 ὃν
1086 2082 1110 2138 οἱ
1119 2078 1244 2138 κυόευταί
1256 2077 1370 2138 συνίασι.
1384 2077 1429 2136 καί
1440 2082 1455 2136 ὁ
1465 2079 1639 2161 σκιραφουρδς
1652 2080 1784 2157 σημαίνει
1794 2082 1843 2139 τὸν

1045 2167 1190 2227 ἀκόλαστον
1205 2163 1420 2242 κατακυόιύτην,
1438 2164 1491 2223 ἀπὸ
1504 2169 1557 2225 τῶν
1571 2167 1599 2225 δν
1614 2166 1708 2250 Σκίριρ
1729 2169 1841 2248 διατρι-

1047 2255 1155 2317 6όντων.
1172 2252 1352 2334 Σκιραφουρδς
1366 2255 1474 2311 ἀίεῑυιιι
1490 2265 1523 2311 ut
1536 2253 1651 2333 οἰκουρός
1664 2268 1694 2313 et
1714 2257 1837 2314 similis.

1047 2348 1199 2420 Per-pexam
1216 2343 1303 2403 codd.
1319 2340 1485 2422 σκιροφόρος,
1512 2362 1565 2399 nec
1578 2355 1655 2400 recte
1668 2340 1683 2401 δ
1697 2343 1841 2421 σημαίνει,

1047 2445 1115 2490 noto
1128 2434 1212 2504 sorte,
1225 2443 1258 2489 ut
1275 2432 1399 2501 videtur,
1415 2432 1453 2510 τῷ
1465 2450 1479 2487 ο
1493 2449 1528 2487 ex
1540 2450 1558 2487 σ
1570 2432 1683 2501 littera,
1704 2451 1771 2507 qut
1785 2452 1840 2490 se-

1046 2524 1153 2595 quitur.
1165 2523 1256 2579 lidem
1265 2523 1366 2578 vitiose
1374 2516 1520 2576 ἀκόλαστον
1532 2517 1577 2576 καί
1588 2515 1730 2589 κυύιυτάν.
1742 2522 1841 2578 Immo

1047 2607 1245 2681 κατακυόιύτην
1258 2610 1375 2666 evenho
1388 2603 1589 2667 κατακοόιύειν.
1604 2609 1725 2686 Alioqui
1738 2608 1842 2666 delen·

1048 2699 1117 2756 dum
1132 2710 1203 2755 esset
1215 2696 1276 2770 καί,
1293 2708 1428 2772 tanquam
1449 2707 1545 2753 ortum
1561 2714 1579 2753 e
1597 2716 1650 2753 κυ-
1663 2697 1775 2771 syllaba
1788 2699 1843 2753 vi-

1048 2790 1127 2857 cina;
1137 2787 1188 2843 sed
1198 2783 1267 2843 κατὰ
1282 2797 1311 2843 et
1320 2783 1365 2842 καί
1374 2788 1475 2861 sepius
1487 2783 1604 2841 confusa
1613 2786 1747 2842 novimus
1756 2786 1843 2861 :pud

1047 2877 1210 2953 scriptores.
1228 2874 1346 2952 «Etym.
1354 2874 1394 2932 ll.
1407 2894 1439 2952 p.
1450 2893 1518 2947 717,
1529 2872 1577 2946 αθ,
1587 2868 1735 2955 Σκιιράφια
1744 2871 1842 2955 (siclt

1048 2964 1081 3022 τά
1102 2962 1215 3036 audoin,
1231 2962 1290 3035 ἤτοι
1310 2960 1368 3021 istri
1391 2960 1529 3041 σκείραφός
1541 2959 1616 3040 [τις]
1631 2961 1701 3021 loris
1726 2960 1844 3041 ὄργανον

1049 3050 1199 3110 κυάιυτικδν
1215 3052 1347 3132 (sortasse
1369 3055 1415 3112 Et.
1434 3052 1506 3109 dixit
1532 3049 1590 3108 ἐπεὶ
1614 3071 1659 3112 σα.
1673 3048 1742 3108 τισίν
1766 3052 1843 3109 ἐστιν

1050 3138 1108 3218 όργ.
1125 3165 1151 3201 κ.
1164 3142 1247 3200 Both.
1260 3142 1287 3218 ),
1297 3138 1315 3210 ἢ
1325 3139 1378 3198 ἀπὸ
1386 3138 1522 3219 Σκιράφοο
1533 3136 1603 3205 τινδς
1613 3136 1753 3210 κυάευτοῦ,
1766 3135 1786 3209 ἢ
1801 3137 1845 3197 ὅτι

1051 3230 1078 3284 lv
1093 3230 1131 3307 τῷ
1142 3230 1189 3297 τῆς
1204 3227 1333 3305 Σκιράδος
1347 3226 1456 3297 Ἀθηνᾶς
1466 3227 1529 3307 ίερῷ
1539 3227 1563 3283 οἱ
1577 3223 1703 3284 κυόεθταί
1718 3223 1841 3293 ίπαιζον.

1052 3320 1129 3373 Eust.
1148 3319 1185 3374 ad
1202 3317 1302 3390 odyss.
1324 3337 1355 3393 p.
1381 3316 1455 3391 1397
1482 3321 1519 3382 ul,
1542 3312 1614 3372 εκαί
1632 3314 1659 3372 tv
1679 3314 1760 3391 ίεροῐς
1779 3314 1844 3372 ἐκυ·

1052 3402 1168 3476 δεύοντο,
1178 3403 1223 3463 καί
1244 3401 1360 3481 μάλιστα
1372 3405 1398 3461 ἐν
1413 3405 1451 3482 τῷ
1460 3406 1506 3472 τῆς
1521 3400 1651 3481 Σκιράδος
1663 3400 1788 3471 Ἀθηνᾶς,
1802 3403 1844 3483 τῷ
1865 3459 1867 3464 .

1053 3492 1097 3551 lxxi
1109 3492 1216 3574 Σκίρῳ,
1231 3490 1276 3570 ἀφ’
1288 3482 1318 3549 ού
1331 3490 1376 3548 καί
1390 3488 1424 3548 rh
1441 3489 1509 3549 ἀλλα
1523 3488 1683 3569 κυόευτιίρια
1698 3489 1846 3569 σκιράφιια

1053 3581 1210 3658 ὠνομάζετο.
1225 3578 1251 3649 ἐξ
1260 3570 1297 3638 ὧν
1309 3578 1355 3638 καί
1368 3578 1457 3638 πάντα
1470 3577 1504 3637 rh
1516 3577 1728 3657 πανουργήματι
1737 3576 1782 3635 διδ
1793 3577 1844 3648 τὴν

1055 3670 1081 3727 δν
1095 3668 1254 3749 σκιραφείοις
1267 3666 1433 3747 ῥᾳδιουργίαν
1450 3665 1573 3745 σκίραφσι
1587 3666 1740 3726 ίιιαλσῦντο.
1757 3668 1845 3725 Alce·

1055 3769 1131 3814 tores
1152 3758 1189 3815 de
1210 3759 1290 3814 sciro
1311 3766 1515 3814 commemorat
1531 3756 1618 3811 etiam
1636 3756 1848 3829 Theopompus

1055 3844 1133 3922 apud
1157 3847 1299 3920 Harpocr.
1328 3865 1360 3920 p.
1389 3844 1444 3901 168
1463 3843 1553 3902 next.
1577 3855 1607 3899 et
1625 3843 1717 3903 schol.
1751 3843 1845 3901 Arist.

1056 3935 1159 3991 Avium
1177 3933 1265 4009 1298,
1283 3951 1317 3990 ex
1328 3932 1528 3990 emendatione
1543 3932 1682 3988 Lobeclxii
1696 3931 1845 4008 Aglaoph.

1056 4041 1087 4099 p.
1111 4022 1222 4080 1316..
1241 4024 1266 4077 E
1279 4024 1321 4077 M.

1287 4176 1368 4238 xvl.
1392 4176 1547 4237 ΛΕΥΚΛΣ
1568 4177 1620 4256 (θ).

1097 4315 1202 4373 Athen.
1220 4334 1248 4385 7,
1262 4334 1290 4390 p.
1303 4334 1379 4385 277,
1399 4316 1421 4372 C
1437 4336 1443 4369 ι
1458 4310 1527 4379 ὅστις
1540 4311 1673 4393 ἀγοράζων
1694 4310 1770 4391 ὄψον,
1787 4310 1848 4379 ἐξὸν

1059 4400 1200 4459 ἀπολαύειν
1213 4401 1310 4480 ίχθύων
1322 4403 1461 4473 ἀληθινῶν,
1476 4402 1620 4482 ῥαφανῖδας
1630 4400 1753 4474 ἐπιθυμεῖ
1764 4402 1851 4480 πρία-

1059 4493 1130 4555 σθαι,
1147 4486 1277 4565 μαίνεται,
1289 4491 1366 4569 φησίν
1375 4484 1470 4570 ’Λμφις
1484 4493 1511 4549 ἐν
1525 4488 1654 4549 Λευκάδι.
1668 4491 1690 4546 F
1691 4500 1781 4545 ortea
1792 4510 1850 4546 suo

1060 4580 1127 4634 loco
1139 4579 1285 4635 aberrasse
1294 4580 1419 4634 arbitror
1428 4580 1515 4635 verba
1530 4579 1555 4635 ἐν
1570 4580 1602 4656 τῇ
1617 4576 1744 4647 Λευκάδι,
1756 4598 1851 4652 quum

1061 4667 1095 4727 A.
1109 4668 1223 4724 dixisset
1236 4669 1296 4724 sine
1307 4668 1426 4738 lacuna,
1442 4686 1527 4742 quam
1538 4677 1653 4723 sumunt
1665 4677 1731 4741 post
1744 4666 1830 4744 ἄγον,

1110 4766 1205 4857 ὅστις
1223 4779 1376 4875 ἀγοράζων
1392 4781 1463 4873 όψον
1480 4787 1510 4849 ἐν
1524 4794 1563 4876 τῇ
1578 4774 1697 4848 Λεοκάδ
1701 4809 1731 4865 ι,

1038 4955 1040 4961 .
1111 4882 1174 4963 ἐξὸν
1192 4889 1353 4953 ἀπολαύειν
1371 4890 1481 4982 ἰχθύων
1497 4890 1658 4968 ἀληθινῶν,

1113 4987 1274 5086 ῥαφανῖδας
1292 4996 1431 5087 ἐπιθυμεῖ
1446 4996 1598 5089 πρίασθαι,
1615 4994 1770 5086 μαίνεται.

1065 5133 1192 5188 Eundem
1201 5133 1310 5202 locum,
1319 5136 1423 5189 omisso
1434 5134 1536 5189 labulae
1545 5135 1640 5202 titulo,
1652 5131 1735 5188 affert
1747 5131 1856 5190 Athen.

1065 5239 1094 5292 α,
1108 5240 1140 5294 p.
1158 5220 1204 5290 57,
1220 5223 1251 5291 B,
1266 5222 1396 5278 ubilibri
1408 5241 1436 5276 v.
1454 5241 1464 5276 1
1484 5220 1631 5299 ἀγοράζειν,
1648 5240 1676 5278 v.
1688 5238 1706 5274 α
1718 5217 1857 5278 Ἄπολλον

1063 5327 1117 5382 pro
1130 5305 1281 5367 ἀπολαύειν.
1298 5311 1428 5366 Ceterum
1445 5312 1567 5366 hleinch.
1586 5311 1665 5364 malit
1679 5307 1706 5364 ἐν
1720 5310 1860 5365 Λευκα-

1064 5395 1134 5474 δίρ,
1152 5416 1211 5471 qno
1232 5400 1363 5468 nomine,
1378 5409 1482 5473 praeter
1504 5397 1710 5466 Menandrum,
1725 5395 1860 5451 fabulam

1100 5566 1147 5638 qui
1158 5565 1192 5622 ad
1203 5566 1274 5623 lianc
1284 5567 1395 5640 quidem
1406 5583 1461 5625 non
1474 5566 1637 5640 ingreditur.

1104 5654 1177 5725 apud
1189 5656 1309 5728 Sinopen
1319 5664 1429 5724 autem,
1446 5663 1473 5711 et
1484 5658 1589 5729 Lycen,
1605 5661 1632 5710 et
1644 5652 1782 5717 Noouion,

1101 5748 1209 5818 alioque
1219 5742 1377 5817 hujusmodi
1394 5744 1461 5799 retia
1474 5744 1546 5809 vite,

1066 5842 1082 5890 5
1103 5836 1175 5889 intus
1185 5832 1260 5888 sedet
1275 5832 1426 5897 attonitus,
1442 5847 1533 5904 neque
1546 5831 1608 5886 exit.

1442 5944 1470 5993 2.

1067 6030 1175 6102 Phryne
1188 6027 1352 6096 (meretrix)
1368 6027 1587 6098 opulentissimus

1333 6153 1520 6208 LEUCADlA
1540 6154 1590 6218 (?).

1068 6257 1240 6329 Quicumque
1252 6256 1364 6329 opsonia
1378 6270 1473 6311 emens
1484 6255 1621 6322 Leucade,

1069 6359 1155 6415 quum
1172 6342 1236 6401 licet
1250 6342 1305 6400 lrui
1318 6342 1388 6399 veris
1398 6341 1538 6415 piscibus.

1070 6430 1204 6504 raphanos
1219 6430 1294 6502 cupit
1307 6429 1430 6497 mercori,
1444 6428 1552 6484 insanit.
1618 6458 1624 6469 ·
