4084 8009
264 1510 319 1567 tto

262 1657 302 1701 τις
319 1633 433 1701 στύπαξ.
448 1634 527 1690 Idem
543 1634 579 1689 ad
595 1653 623 1691 v.
646 1651 701 1707 119
716 1653 721 1689 :
739 1630 765 1697 ὃς
780 1633 950 1711 (Εὐκράτης)
964 1632 1047 1693 στύπ-

263 1720 316 1788 παξ
330 1723 448 1780 ἐκαλεῖτο
463 1720 507 1778 διδ
517 1720 547 1778 τὸ
561 1718 781 1792 στυππειοπώλης
793 1711 869 1781 εἶναι.
884 1726 926 1779 De
946 1720 1047 1797 μύλωνι

262 1831 285 1870 s.
301 1813 423 1887 pistrino
439 1809 499 1882 ejus
513 1829 541 1869 v.
555 1808 690 1866 Photium
716 1821 744 1866 et
765 1812 886 1884 Hesych.
909 1829 938 1869 ν.
959 1810 1046 1868 Μελι-

263 1895 320 1963 τεθς
334 1896 441 1975 κόπρος.
454 1900 566 1955 »Meim

626 2000 690 2059 166.

304 2128 437 2202 Hesych„
450 2124 667 2204 Ὀρθοπυγιᾶν
680 2143 687 2182 :
699 2124 761 2183 όταν
770 2122 834 2202 γυνὴ
845 2123 940 2195 iconii
951 2121 1047 2201 ᾶπαίρῃ

264 2213 328 2293 πρδς
341 2214 371 2273 τδ
384 2214 534 2293 μακροτέρα
546 2213 694 2292 φαίνεσθαι.

583 2398 592 2412 ἱ
617 2327 629 2347 '
640 2329 702 2400 167.

305 2445 401 2514 Idem,
417 2442 573 2521 Ὀστριίτιυιν
587 2464 594 2498 :

314 2553 453 2642 Ᾱπτῆνα,
468 2558 586 2641 τυτθὸν,
602 2554 671 2649 ἄρτι
684 2555 792 2648 γυμνὸν
807 2556 972 2647 ὀστράκων,

265 2692 323 2749 ἀντὶ
335 2696 379 2751 τοῦ
392 2694 468 2772 ᾠῶν,
480 2691 546 2758 τινὲς
563 2690 590 2749 δὲ
603 2689 732 2769 κιλόρυιν.
749 2694 811 2748 Hoc
827 2689 914 2747 tecte.
935 2715 946 2740 ι
961 2692 1048 2749 Vide-

265 2794 312 2838 tur
320 2784 423 2838 comici
436 2800 531 2839 versus
548 2799 606 2838 osse
624 2781 660 2836 de
677 2779 809 2854 homine,
823 2781 872 2854 qui
884 2781 1049 2835 immaturus

266 2880 295 2925 et
306 2881 409 2945 preter
422 2857 532 2926 estatem
546 2868 583 2924 ad
595 2866 803 2942 rempublicam
816 2878 979 2936 accesserat,
994 2884 1048 2923 ve-

266 2959 310 3014 lut
324 2958 358 3013 de
371 2957 549 3033 Hyperbolo.
567 2981 579 3006 ι
594 2957 683 3012 Mein.

580 3069 644 3139 168,
670 3069 735 3143 169.

307 3184 399 3254 Idem,
414 3182 487 3241 Οὐδ’
501 3180 689 3261 ἐτρόπησιν
704 3180 830 3258 κρόκην
845 3200 852 3239 :
867 3177 941 3237 οὐδὲν
958 3178 1048 3257 εἰργό-

267 3291 342 3329 σατο.
363 3271 459 3342 Idem,
483 3271 776 3349 Περιπρωκτιῶσα
803 3290 809 3324 :
837 3267 1049 3348 τρυριρευομίνη

267 3358 451 3437 όπλτῇπυγῇ.

633 3475 687 3526 17ο

308 3566 399 3635 Idem,
420 3566 545 3624 ΙΙλύνον
561 3564 877 3647 καταπλυντήριζι,
893 3566 937 3623 καὶ
950 3567 1052 3626 πλυν-

268 3653 432 3730 θήσυμαι,
462 3652 574 3713 Ἀττικοὶ
602 3652 646 3712 ἐπὶ
677 3656 729 3711 τῶν
757 3654 890 3732 λοιδοριῶν
921 3652 1050 3730 λέγουσιν.

271 3770 283 3794 ι
298 3743 355 3800 Ρτο
373 3741 556 3819 πλυνθήσομοι
572 3743 682 3802 Atticus
693 3754 779 3819 poeta
788 3745 899 3820 scripsit
916 3742 1051 3816 πλυθήσο-

269 3854 328 3906 μαι.
349 3859 360 3883 υ
375 3836 466 3891 Mein.

633 3950 698 4001 171.

309 4042 406 4111 Idem,
429 4038 726 4121 Πριαμωθήσομαι
750 4060 757 4097 :
785 4039 941 4117 ξυρήσομαι,
961 4038 1051 4110 ὶπειδθΙ

268 4128 297 4186 τὸ
314 4127 437 4206 τραγικὸν
455 4132 500 4185 τοῦ
513 4129 637 4205 Πριάμου
646 4127 786 4207 πρόσωπον
797 4126 886 4207 ξυρίας
898 4127 979 4188 ἐστίν.
994 4132 1051 4185 Eu-

175 4250 176 4254 =
268 4217 333 4273 dem
347 4218 464 4273 Photius
477 4236 508 4291 p.
526 4215 595 4291 448,
615 4235 645 4291 9,
662 4217 857 4294 Πριαμιοθῆναι
873 4238 880 4273 :
898 4214 1049 4296 ξυρηθῆναι·

269 4300 358 4379 τδγθρ
373 4306 417 4359 τοῦ
434 4302 559 4382 Πριάμου
574 4302 713 4381 πρόσωπον
725 4301 812 4380 ξυρίας
823 4304 903 4362 ἐστίν.

629 4435 693 4488 ¹72·

310 4531 405 4600 Idem,
420 4530 528 4606 Πτιρῶν
547 4549 553 4586 :
642 4524 646 4532 ⁸

320 4648 427 4720 tm't
443 4651 598 4741 τρίορχος,
618 4648 635 4720 ἢ
654 4657 783 4740 πτερῶν,
800 4647 818 4720 ἢ
835 4647 1000 4738 στρουθίας.

271 4773 335 4846 εἶδος
349 4778 446 4857 ὀρνέου.
472 4805 482 4827 ιι
501 4780 609 4856 Πτερῶν
623 4779 737 4833 sortasse
751 4779 867 4832 aviculae
882 4797 985 4831 nomen
1001 4788 1050 4831 est.

270 4870 330 4924 ttist
349 4870 445 4941 potius
462 4864 570 4942 Πτέρων
595 4877 626 4921 ct
644 4865 785 4943 Στρουθίας
806 4865 1006 4932 scribendum,
1022 4874 1055 4917 ut

272 4957 327 5011 sint
340 4956 487 5010 hominnm
507 4955 725 5010 libidinosorum
739 4956 866 5010 nomina.
885 4958 926 5009 De
936 4955 1053 5008 nominc

271 5046 390 5118 proprio
404 5041 513 5117 Πτέροιν
526 5060 553 5096 v.
570 5044 661 5114 Etym.
682 5044 719 5098 M.
732 5061 761 5115 p.
776 5042 849 5109 226,
865 5042 913 5097 38.
935 5066 945 5090 »
965 5043 1054 5097 Mein.

628 5145 693 5212 173.

312 5258 401 5324 Idem,
423 5252 567 5320 Πόππαξ
585 5273 591 5310 :
607 5253 636 5310 τδ
649 5256 694 5310 νῦν
710 5252 812 5331 βόμόαξ
828 5252 969 5329 λεγόμενον
981 5253 1053 5309 πόπ·

273 5342 324 5409 παξ
342 5343 447 5419 ἔλεγον,
462 5339 649 5419 όιςΛυιιόρρων
668 5341 753 5420 ᾠήθη.
769 5343 815 5397 οὐκ
829 5339 885 5398 ἔστι
901 5340 939 5400 δέ.
955 5340 985 5398 τὸ
1004 5341 1053 5414 μὲν

273 5429 324 5509 γδιρ
341 5428 444 5508 βόμόαξ
457 5428 554 5486 τίθεται
573 5429 620 5485 καὶ
639 5430 681 5487 ἐπὶ
698 5429 876 5506 σχετλιασμοῦ
892 5429 939 5486 καλ
954 5430 996 5487 ἐπὶ
1009 5427 1054 5505 γε’·

273 5520 410 5591 λωτος,τδ
425 5519 451 5577 δλ
469 5518 582 5585 πόππαξ
602 5519 671 5597 οὐχί.
691 5547 703 5569 α
720 5521 786 5574 Haec
812 5520 848 5574 ad
873 5522 1052 5576 comicorum

273 5628 353 5665 usum
381 5620 507 5682 spectate
528 5609 723 5682 Lycophronis
751 5625 858 5688 nomen
880 5606 1012 5662 ostendit.
1043 5632 1054 5655 τ

273 5697 360 5751 Mein.

624 5788 633 5806 '
646 5810 654 5843 1
663 5797 696 5858 74
705 5833 709 5841 .

313 5904 410 5976 Idem,
420 5902 649 5982 Ῥαρανιδωθῆναι
664 5924 669 5957 :
680 5901 737 5967 τοὺς
750 5904 858 5979 μοιχοὺς
870 5903 928 5966 ταῖς
942 5903 1054 5977 ῥαφανῖ-

275 6024 815 6033 ——a——fflu-...„-.--.-—-—‚-
870 6022 1006 6030 ,,-.,.....-.,-

634 6076 693 6126 167.

277 6162 471 6229 lopennatum‚
510 6157 655 6229 pusillum,
687 6172 773 6229 nuper
804 6166 885 6229 rupto
917 6155 1057 6228 putamine

970 6241 1053 6308 (ovi).

821 1502 1062 1563 FRAGMENTA
1086 1503 1316 1565 comcottutt

1093 1654 1133 1689 σιν
1144 1632 1257 1704 ἤλαυνον
1271 1631 1338 1692 κατὰ
1352 1635 1397 1703 τῆς
1408 1632 1495 1713 ἔδρας.
1504 1633 1550 1700 Τίς
1562 1633 1675 1712 γὰράντὶ
1688 1638 1733 1706 τῆς
1740 1636 1881 1714 ῥαφανίδος

1093 1724 1160 1798 δρῶν
1171 1720 1313 1797 δξυθυμίαν
1327 1720 1396 1780 ἶλθοι
1407 1723 1472 1801 πρὸς
1484 1727 1564 1798 ἡμᾶς.
1580 1726 1707 1783 Correxit
1716 1728 1877 1783 Pomonus:

1188 1826 1424 1925 —ffifflm

1142 1937 1209 2005 ἀντὶ
1224 1930 1384 2031 ῥαφανῖδος
1403 1934 1539 2029 ὀξυθόμι’
1549 1939 1666 2028 εἰσορῶν

1142 2044 1222 2110 ἔλθοι
1236 2045 1308 2135 πρὸς
1323 2048 1423 2134 ipit,

1097 2170 1208 2226 Vossius
1222 2169 1260 2225 ud
1283 2170 1384 2226 Catull.
1406 2188 1438 2242 p.
1456 2168 1508 2237 43,
1531 2180 1608 2226 recte
1625 2172 1746 2245 explicat
1763 2188 1771 2229 :
1788 2178 1814 2225 si
1826 2192 1882 2246 pm

1094 2249 1224 2323 raphano
1236 2249 1353 2308 nioeclttsst
1362 2268 1433 2304 crux
1443 2261 1589 2318 statuatur,
1601 2269 1681 2305 nemo
1692 2269 1742 2308 uos
1752 2254 1881 2310 accedet.

1454 2361 1519 2431 175.

1135 2474 1231 2544 Idem,
1250 2471 1368 2544 Ῥῆξαί
1387 2494 1425 2547 μι
1447 2473 1504 2531 καὶ
1526 2473 1651 2551 ρράσαι
1674 2475 1725 2532 ἀεὶ
1748 2474 1879 2551 λόγους

1097 2559 1155 2617 ἀντὶ
1167 2563 1214 2618 τοῦ
1235 2559 1342 2638 ἐκρῆξαι
1363 2559 1464 2639 φωνήν.
1478 2561 1547 2633 Quae
1568 2564 1607 2617 ita
1625 2563 1775 2620 scribenda
1789 2565 1882 2637 conji-

1095 2662 1134 2717 cit
1147 2659 1269 2717 Meinek.

1148 2769 1242 2852 λῆξαί
1258 2800 1295 2867 μι
1310 2779 1409 2867 ριονὴν
1423 2772 1475 2840 καὶ
1494 2771 1604 2865 φράσαι
1618 2766 1669 2841 διῒ
1684 2774 1739 2840 τὸν
1751 2775 1855 2865 λόγον.

1452 2900 1515 2972 176.

1135 3010 1383 3083 Idem,‘Ponoo
1408 3008 1641 3089 κριθοπομπία
1665 3008 1881 3090 εἘρατοσθένης

1096 3101 1122 3158 ἐν
1144 3097 1250 3177 ἕνναίτῳ.
1276 3102 1328 3158 τῶν
1349 3098 1527 3176 Ἀμαθουσίων
1561 3097 1699 3177 βασιλέως.
1723 3103 1817 3158 τοῦτον
1840 3102 1881 3158 αἶ·

1096 3187 1237 3267 χμάλωτον
1246 3184 1393 3264 γενόμενον,
1407 3174 1464 3245 εἶτα
1474 3186 1677 3265 ὑποστρέψαντα
1695 3186 1760 3266 πρὸς
1772 3188 1883 3261 ἑαυτὸν,

1095 3280 1128 3355 τῇ
1142 3274 1218 3336 πόλει
1230 3273 1371 3346 Ἀθηναίων
1384 3273 1473 3353 κριθὰς
1485 3272 1621 3353 ίκπόμψαι
1630 3274 1737 3355 puncius
1750 3279 1830 3333 Dixit
1845 3278 1882 3334 de

1095 3368 1149 3423 hac
1164 3368 1256 3443 glossa
1270 3365 1459 3422 chhardius
1472 3366 1617 3422 Eratosth.
1631 3384 1662 3439 p.
1675 3364 1729 3421 231
1746 3383 1809 3439 seq.
1823 3368 1883 3430 Res

1096 3457 1174 3532 ipsa,
1197 3455 1276 3528 cujus
1294 3456 1420 3511 comicus
1439 3454 1541 3526 aliquis
1557 3454 1734 3510 mentionem
1757 3453 1880 3524 fecerat,

1096 3557 1223 3620 spectare
1235 3543 1349 3601 videtur
1360 3542 1397 3599 ad
1411 3552 1542 3617 tempora
1552 3544 1697 3617 Evagorae.
1716 3567 1728 3592 ι
1745 3544 1840 3603 Mein.

1457 3673 1519 3724 177.

1137 3771 1232 3842 idem,
1258 3769 1360 3839 Σκύζης
1381 3788 1388 3828 :
1407 3766 1481 3845 παρδι
1497 3765 1606 3845 Φιλητᾷ
1629 3763 1756 3823 Παίου)
1769 3787 1803 3822 σε
1825 3767 1881 3834 τῆς

1098 3858 1227 3929 σκθζης.
1243 3858 1300 3914 ἀντὶ
1311 3862 1358 3916 τοῦ
1367 3860 1413 3927 τῆς
1423 3856 1536 3933 κόπρος.
1546 3854 1618 3911 Cod.
1635 3852 1747 3912 Φίλιτα.
1763 3878 1776 3905 ι
1787 3852 1885 3909 Comi·

1098 3966 1163 4004 cum
1179 3958 1312 4023 poetam,
1333 3966 1392 4001 non
1404 3945 1580 4019 elegiacum,
1598 3945 1647 3998 Ιιία
1661 3941 1791 4009 laudari,
1809 3942 1885 3996 indi-

1098 4044 1143 4090 cat
1154 4036 1256 4090 senarii
1266 4033 1482 4090 hemistIchium.
1493 4030 1700 4106 CorrIgendum
1711 4031 1801 4106 igitur
1812 4026 1885 4108 παρὰ

1098 4118 1233 4197 Φιλήμονι
1247 4123 1291 4178 vel
1306 4116 1469 4199 Φιλεταίρῳ.
1484 4142 1497 4168 ι
1512 4120 1600 4174 Mein.

1461 4233 1523 4304 178.

1140 4354 1237 4420 Idem,
1275 4346 1565 4426 Σχιζογυόνδρους
1590 4368 1597 4401 :
1622 4345 1680 4409 τοὺς
1705 4344 1883 4424 συκοφάντας.

1099 4440 1244 4510 -Idem,
1259 4438 1347 4514 Τέχνη
1365 4459 1371 4491 :
1393 4435 1539 4510 ἐπιστήμη,
1554 4433 1643 4500 δόλος·
1663 4462 1674 4484 υ
1691 4434 1823 4511 Τέχνης
1837 4435 1888 4512 γὰρ

1100 4527 1159 4603 οὐχ
1179 4524 1370 4601 ἥμαρτες.»

1458 4621 1527 4701 λ79.

1141 4727 1233 4793 idem,

1149 4844 1371 4911 Φοινυιελίιιτην
1389 4841 1440 4909 καὶ
1453 4843 1552 4934 λόγων
1568 4835 1699 4918 ἀλαζόνα
1718 4862 1725 4901 :

1101 4969 1235 5038 ἀπατηλὸν
1261 4968 1305 5024 καὶ
1324 4968 1455 5040 κάπηλον.
1482 5001 1520 5010 -
1544 4967 1633 5035 Idem,
1646 4961 1853 5023 Φοινυιέλικτον
1881 4984 1888 5022 :

1101 5055 1246 5125 ἀπατηλόν.
1255 5057 1377 5113 Meinet.
1390 5058 1463 5129 conj.
1480 5053 1586 5131 Φοίνιχ’
1602 5051 1707 5122 ἑλικτὴν
1716 5055 1760 5109 vel
1772 5051 1887 5114 ἑλικτον,

1457 5169 1521 5224 180.

1141 5284 1236 5350 Idem,
1260 5279 1485 5346 Χαλκιδίζιιν
1508 5276 1584 5335 τάπὸ
1604 5278 1656 5334 τῶν
1680 5278 1741 5333 κατ’
1770 5275 1888 5334 Εῠόοιαν

1103 5368 1268 5430 Χαλκιδέων.
1281 5367 1380 5424 τίθεται
1393 5365 1419 5423 δὲ
1434 5365 1479 5423 καλ
1494 5364 1598 5421 ἐπὶτῶν
1614 5362 1865 5442 παιδιραστοόντων
1879 5406 1888 5436 ,

1102 5460 1157 5518 ἐπεὶ
1178 5457 1331 5523 ἐπλεόναζον
1354 5458 1417 5533 παρ’
1430 5456 1517 5521 αὐτοῖς
1528 5454 1552 5511 οἱ
1565 5450 1683 5508 παιδυιολ
1697 5449 1803 5529 ἔρωτες.
1824 5476 1834 5499 ι
1853 5455 1890 5506 At

1102 5549 1177 5604 idem
1188 5548 1257 5603 illud
1268 5546 1387 5601 verbum
1402 5545 1503 5600 comici
1514 5552 1606 5615 poetae
1619 5542 1703 5596 etiam
1717 5539 1754 5595 de
1763 5540 1888 5594 homini-

1102 5637 1155 5692 bus
1169 5636 1286 5691 sordide
1302 5635 1393 5689 avaris
1413 5630 1556 5686 dicebant.
1573 5628 1741 5683 Plutarchus
1756 5628 1843 5684 Prov.
1861 5645 1887 5693 1,

1103 5726 1150 5795 84,
1168 5719 1379 5788 Χαλκιδίζιιν
1393 5741 1399 5773 :
1416 5717 1525 5775 ἐπὶτῶν
1539 5714 1779 5793 γλιοχρευομένων.
1801 5714 1825 5770 οἱ
1839 5711 1889 5789 γὰρ

1102 5813 1128 5868 ἐν
1150 5809 1250 5889 Εὒὸυίορ
1270 5807 1409 5872 Χαλκιδεῖς
1434 5805 1477 5862 tut
1500 5800 1657 5882 φιλαργυρίᾳ
1679 5803 1887 5880 ἐκωμῳδοῦντο,

1102 5900 1152 5953 ubi
1167 5918 1194 5956 ν.
1212 5897 1404 5953 Leutschium.
1424 5920 1435 5941 υ
1454 5896 1545 5949 Mein.

1472 6065 1531 6113 ΠΕ).

1104 6150 1156 6207 Sed
1171 6158 1219 6206 aut
1230 6149 1318 6213 buteo,
1333 6156 1381 6203 aut
1390 6154 1485 6219 pteron
1501 6148 1561 6211 (Ρ),
1576 6151 1622 6200 aut
1636 6139 1888 6198 struthiocamelus.

1468 6239 1527 6287 178.

1075 6345 1077 6353 ·
1106 6328 1141 6381 Ex
1158 6330 1213 6378 arte
1226 6323 1298 6378 enim
1312 6336 1367 6376 non
1379 6319 1513 6375 excidisti.
