4084 8009
206 1483 264 1542 tes

205 1606 253 1693 45
281 1614 312 1696 β.
343 1604 431 1676 ἐλλὰ
452 1607 504 1694 τίρ
520 1635 552 1675 α.
575 1614 689 1700 Θεωρῶ
706 1609 833 1684 πλησίον
856 1611 988 1703 nullipe-

925 1738 987 1794 νος·

281 1826 402 1886 πονοῦσι
421 1810 451 1884 δ’
466 1822 573 1910 ἐτεροι.
593 1823 624 1903 β.
646 1821 690 1886 Σὺ
706 1813 741 1886 it
751 1841 761 1906 ;
778 1846 810 1886 α.
835 1823 924 1913 Λέγω
937 1819 991 1898 τὰς

873 1952 990 2004 αιτιας,

282 2024 538 2103 καὶτάπούοιῖνον·
552 2057 568 2091 ιι
581 2025 633 2107 ὀξὺ
647 2033 684 2097 τὸ
694 2030 855 2124 περίκομμ’
865 2027 955 2123 siper!
971 2059 987 2093 o

284 2141 316 2221 β.
343 2132 521 2227 Ᾰρμονικὸς,
543 2141 576 2203 ού
598 2132 753 2229 μοίγειροςί
773 2165 805 2204 α.
826 2163 843 2198 α
865 2131 991 2205 iniret·

812 2270 860 2310 νον
873 2244 909 2311 τὸ
917 2255 989 2337 πῦρ,

280 2343 408 2439 ύμοίλιζέ
423 2344 449 2415 τ’
464 2352 569 2427 ἐντοῖς
581 2348 719 2431 τάξεσιν·
731 2355 750 2424 i
765 2352 870 2440 πρώτη
880 2349 979 2428 λοπὰς

210 2449 257 2522 50
281 2450 326 2533 ζεῖ
342 2461 410 2531 ταῖς
438 2449 540 2546 ἐφεξῆς
553 2456 622 2549 οὐχὶ
632 2462 807 2547 συμφώνως.
829 2483 846 2518 α
865 2464 950 2534 Νοεῖς

281 2562 335 2627 τὸν
350 2562 443 2628 τύπον
514 2565 542 2646 β.
565 2552 719 2629 imitor!
742 2589 774 2629 α.
792 2561 858 2628 Καί
874 2589 906 2628 τι
923 2562 992 2655 φαί·

695 2735 697 2739 ,
717 2670 923 2760 νεταιτέχνης
943 2708 992 2719 -

282 2765 346 2838 Εἶτ’
365 2765 449 2838 otto
465 2771 529 2845 εἰκῆ
544 2773 731 2864 παρατίθημι
744 2767 954 2865 (μανθάνεις)

282 2882 394 2969 βρῶμ’,
409 2877 491 2945 ἀλλὰ
502 2872 591 2969 μίξας
602 2879 704 2946 πάντα
711 2877 792 2947 κατὰ
805 2881 990 2971 συμφωνίαν.

281 2988 314 3068 β.
333 2993 420 3069 Πῶς;
439 3009 471 3052 α.
491 2975 584 3052 ἐστιν
602 2992 705 3063 αὐτοῖς
727 2982 748 3051 ἃ
764 2982 817 3053 διὰ
839 2986 991 3078 τεττάρων

925 3094 990 3183 ἔχει

199 3190 254 3264 bi
280 3197 447 3282 κοινωνίαν,
462 3190 517 3264 διὰ
530 3199 643 3283 πέντε,
659 3190 713 3265 διὰ
727 3207 833 3265 πασῶν
846 3197 956 3265 nerito·

280 3311 379 3370 ταῦτα
393 3303 537 3397 προσάγω
550 3305 622 3397 πρὸς
636 3302 713 3369 αὐτὰ
723 3302 765 3370 τὰ
775 3298 995 3396 διαστήματα,

281 3408 333 3475 καὶ
344 3418 409 3488 ταῖς
423 3415 579 3501 ἐπιφοραῖς
597 3412 677 3487 eiii<
698 3410 812 3488 οἰκείως
829 3414 950 3478 πλέκω·

281 3513 369 3583 ἐνίοτ’
385 3517 522 3608 ἀφεστὼς
539 3519 797 3609 παρακελεύομαι,
819 3543 834 3576 o
848 3518 935 3582 πόθεν

282 3618 374 3686 ἅπτει
384 3643 395 3705 3
406 3620 439 3686 τί
452 3624 550 3706 τούτῳ
562 3624 694 3713 μιγνύειν
705 3625 844 3712 μίλλεις;
862 3626 927 3712 ὅρα,

208 3719 257 3792 60
282 3716 430 3818 διάφωνον
452 3730 564 3804 ἐλκεις·
580 3730 637 3819 οὐχ
649 3721 806 3819 ύπερύύσει
822 3729 931 3818 οοφύν;
950 3758 964 3790 o

280 3827 529 3928 ἐπίκουροςούτω
550 3835 738 3900 κατεπύκνου
750 3838 806 3907 τήν
821 3827 942 3917 ἡδονὴν,

282 3936 409 4032 ἐμασᾶτ’
425 3943 596 4032 ἐπιμελῶς,
615 3931 679 4005 etit
691 3940 824 4033 τάγαθὸν
839 3941 924 4031 μόνος

280 4048 414 4131 ἐκεῖνος,
429 4041 491 4112 aido
507 4050 603 4113 ἐστιν·
623 4047 652 4113 οἱ
668 4033 698 4111 β’
714 4049 744 4111 ἐν
760 4057 798 4140 τῇ
814 4051 891 4134 στοᾷ

282 4144 406 4229 ζητοῦσι
421 4163 571 4243 συνεχῶς,
587 4147 648 4218 οἷόν
663 4155 743 4238 ἐστ’,
756 4156 810 4219 οῦκ
824 4147 948 4231 εἰδότες.

209 4249 256 4320 65
282 4255 414 4341 Οὐκοῦν,
429 4259 490 4351 ὅγ’
508 4262 561 4326 οὐκ
575 4257 710 4349 ἔχουσιν,
725 4256 863 4351 ἀγνοοῦσι
877 4250 925 4344 δὲ,

281 4354 346 4428 οὐδ’
359 4358 395 4429 ἃν
411 4366 502 4456 ἐτίρῳ
517 4356 654 4437 δοίησαν.
671 4377 703 4431 B.
721 4369 810 4431 Οὕτω
826 4356 974 4431 οωνδοκεῖ.

283 4464 410 4562 Ᾱφιῦμεν
425 4468 473 4537 οὖν
489 4469 528 4536 τὰ
542 4470 655 4537 λοιποί·
672 4463 754 4543 δῆλα
766 4463 804 4544 δὴ
821 4471 929 4538 πύλαι.

210 4615 241 4667 V.
254 4610 270 4665 5
283 4608 412 4685 καθήγισα
424 4615 600 4669 Hermannus
610 4611 690 4687 prael.
702 4612 740 4668 ad
749 4616 873 4672 Dracon.
888 4635 919 4689 p.
939 4613 993 4683 οὗ,

210 4700 296 4774 vulgo
311 4697 478 4774 καῦηγησαι,
500 4701 567 4756 libri
592 4697 742 4775 καύήγησα.
764 4726 775 4751 ο
796 4703 861 4757 Non
875 4703 991 4758 hociile

210 4786 291 4855 dicit,
307 4798 483 4861 sequattuor
495 4789 597 4844 talenta
609 4790 750 4844 lucratum
771 4809 839 4857 esse,
856 4790 905 4845 sed
924 4810 994 4845 con·

211 4876 359 4948 sumpsisse
375 4877 403 4929 in
427 4873 531 4932 culina.
545 4877 626 4932 Alter
645 4896 725 4946 vero,
748 4897 836 4951 quum
854 4878 994 4951 quidhoc

211 4972 290 5034 esset,
306 4958 510 5029 κατεπύκνωσα,
519 4973 651 5037 rogasset,
663 4963 766 5037 dequo
776 4966 890 5037 Epicuri
903 4966 992 5019 vcrbo

210 5049 246 5107 ad
261 5069 288 5111 ν,
304 5049 339 5109 61
363 5050 556 5109 disseruerunt
575 5053 758 5126 interpretes,
774 5056 856 5128 prior
870 5056 921 5109 iste
940 5072 991 5109 re-

210 5226 244 5275 ts
263 5219 291 5275 b.
305 5218 376 5290 Quid
390 5219 495 5292 igitur?
507 5236 532 5275 a.
545 5220 666 5277 Observa
679 5238 764 5293 prope
776 5219 888 5287 sedens;

262 5307 363 5380 aliique
375 5323 446 5380 opus
460 5307 573 5365 iaciunt.
589 5309 616 5364 b.
631 5312 666 5364 Et
676 5313 724 5366 tu?
738 5324 764 5365 a.
777 5310 846 5365 Dico
858 5325 965 5377 causas,

263 5402 291 5449 et
302 5401 428 5450 eventum
443 5411 450 5449 ε
465 5418 477 5443 ι
491 5404 602 5452 acutum
614 5394 729 5450 minutal
745 5399 880 5451 amovet»

264 5479 291 5536 b.
303 5481 497 5547 Harmonicus.
506 5498 563 5537 non
572 5485 689 5553 coquus!
700 5497 726 5536 a.
739 5504 752 5529 ι
766 5482 880 5539 Intende
889 5483 991 5553 iguem,

263 5574 291 5622 et
298 5582 376 5639 aqua
386 5567 415 5623 in
429 5567 571 5624 ordinibus
580 5592 593 5616 ι
607 5568 695 5639 prima
707 5568 798 5639 patina

211 5658 246 5709 50
265 5668 320 5709 nou
330 5653 416 5710 terret
428 5669 548 5710 consone
561 5654 666 5711 ceteris.
685 5677 698 5702 ν
712 5654 859 5725 cognoscis

263 5750 392 5815 typum...
408 5740 437 5797 b.
458 5741 570 5815 Apollo!
588 5758 614 5799 a.
633 5744 669 5799 Et
688 5742 792 5814 aliquid
808 5759 867 5800 esse
884 5752 994 5815 apparet

921 5830 993 5899 iars?

266 5940 367 5989 -tum
378 5949 435 5988 non
446 5942 548 5990 temere
558 5933 761 6006 (intelligisnei)
777 5948 884 6005 appono

265 6020 370 6087 cibum,
386 6024 433 6076 sed
447 6023 536 6079 mixtis
549 6023 679 6080 omnibus
692 6023 897 6097 symphoniaco.

265 6108 292 6161 b.
308 6107 471 6178 Quomodo?
481 6124 506 6165 a.
519 6110 710 6177 Samiorum,
726 6125 787 6182 quac
801 6107 977 6168 concordant.

265 6212 310 6265 prr
324 6202 450 6266 quatuor,
463 6212 511 6267 per
520 6197 654 6269 quinque,
666 6214 761 6254 rursus
773 6196 919 6265 diapasom

264 6281 322 6337 ilar
339 6281 426 6347 refero
442 6282 543 6354 adipso
557 6284 712 6344 interr-alla.

718 1477 834 1538 ΝΟΜ]
865 1477 1072 1540 COMOEDlAE
1094 1479 1300 1553 tetrante.

1036 1610 1161 1683 spondet
1181 1608 1330 1686 καθήγισα,
1344 1612 1372 1666 in
1387 1611 1495 1666 fumum
1510 1609 1700 1668 dissolutam
1712 1631 1770 1669 esse
1786 1633 1827 1688 pe

1036 1699 1147 1753 cuniam
1157 1697 1349 1773 significem.-
1364 1703 1564 1757 uernamv.
1579 1699 1601 1756 6
1616 1700 1829 1780 ΙίΙοπίοοπομιε

1037 1786 1084 1843 οὐκ
1106 1784 1164 1856 siin
1188 1788 1260 1860 θεοί,
1279 1788 1359 1863 quod
1379 1787 1583 1846 verosimiliter
1615 1790 1754 1849 restitui.
1770 1793 1827 1862 V.7

1038 1901 1048 1923 ι
1062 1874 1134 1941 ποῖος
1146 1875 1284 1954 μάγειροςς
1302 1883 1361 1952 qui,
1383 1880 1503 1941 multem.
1524 1881 1667 1954 oeqrroe?
1679 1905 1691 1928 ιι
1706 1881 1829 1936 Βοῦσαι

1037 1963 1155 2021 Adsero.
1178 1984 1208 2041 p.
1229 1966 1301 2036 3οι,
1314 1972 1398 2037 ποῖος,
1412 1978 1446 2023 ut
1467 1986 1555 2044 sepe,
1578 1968 1773 2043 indignantis
1786 1988 1829 2026 err

1037 2069 1165 2110 monens.
1182 2056 1215 2113 V.
1231 2054 1249 2110 8
1263 2055 1330 2110 libri
1353 2053 1410 2112 lere
1424 2055 1493 2112 ἐστιν
1511 2067 1542 2112 et
1563 2041 1753 2135 ἔιᾶλιτήριε.
1773 2060 1829 2132 V.9

1036 2137 1109 2197 οὗύέν
1137 2141 1207 2200 ibid.
1223 2141 1290 2198 libri
1301 2152 1330 2198 et
1340 2144 1440 2213 πονεῖν,
1451 2143 1559 2219 Reisig.
1572 2143 1668 2216 Gonj.
1679 2163 1712 2220 p·
1727 2143 1773 2213 St,
1795 2147 1829 2201 rei

1038 2225 1154 2287 ’τινοιῑκ
1177 2231 1211 2287 V.
1236 2247 1270 2285 ιο
1288 2230 1382 2287 scribo
1400 2220 1418 2308 ᾖ
1434 2249 1490 2308 pro
1507 2219 1553 2301 iv.
1572 2231 1696 2308 Reisig.
1714 2236 1830 2290 muta

1036 2324 1089 2373 πᾶν
1111 2319 1133 2372 τ’
1158 2317 1272 2395 εὔχαρίς.
1289 2322 1323 2377 V.
1342 2339 1373 2375 ιι
1399 2317 1484 2397 ἐχοντι
1509 2323 1550 2388 L3
1568 2316 1677 2397 ἐχοντα
1699 2318 1761 2379 PV.
1778 2325 1831 2380 Vm

1036 2424 1148 2461 versura
1167 2406 1201 2461 13
1216 2425 1279 2480 quae
1294 2407 1472 2481 legebantur,
1499 2406 1608 2481 μΙλλον
1632 2406 1666 2465 δέ
1691 2407 1830 2488 enim

1037 2492 1171 2567 καταγελα
1190 2493 1226 2559 ὡς
1241 2495 1331 2563 κενοῦ,
1346 2512 1381 2549 ex
1401 2495 1649 2569 interpretatione
1667 2509 1760 2567 nata,
1776 2517 1830 2556 cun

1039 2582 1203 2636 Hermanno
1216 2580 1319 2638 delevi.
1334 2584 1369 2639 V.
1388 2590 1423 2650 rt
1434 2583 1501 2638 libri
1513 2580 1650 2658 proiciere
1665 2585 1766 2664 σαφές,
1780 2607 1830 2664 qu

1038 2679 1223 2725 correxerunt
1238 2667 1354 2726 Grotius
1373 2680 1400 2725 et
1415 2670 1611 2731 normannus.
1627 2694 1642 2722 ι
1659 2675 1767 2730 Verbo
1784 2697 1830 2749 po·
1873 2671 1874 2676 '

1037 2757 1134 2814 ύῶσαιε
1145 2756 1247 2812 eodem
1255 2758 1344 2813 modo
1354 2757 1661 2817 utiturArchestratus
1673 2761 1831 2832 Αῑέιεοαὶς,
1862 2819 1866 2830 ,

1037 2865 1066 2919 p.
1082 2845 1151 2914 285,
1162 2848 1194 2915 B,
1205 2842 1252 2914 riv
1264 2846 1347 2923 ἀφύην
1361 2846 1452 2919 μίνθον
1460 2853 1548 2903 aaut
1558 2846 1637 2916 πλὴν
1649 2847 1707 2916 τὴν
1724 2849 1753 2906 ἐν
1768 2849 1830 2918 'Ain'-

1037 2955 1102 2998 ναις.
1120 2935 1255 2990 Usitatius
1273 2935 1329 2990 boc
1346 2951 1427 2990 sensu
1443 2934 1697 3014 οεῑπροσπίρδιιν.
1715 2963 1729 2986 ι
1747 2940 1830 2999 Mein.

1038 3026 1069 3079 V.
1087 3023 1121 3079 16
1134 3023 1238 3100 πρῶτον
1252 3022 1318 3081 cod.
1335 3026 1372 3093 ὓς
1382 3024 1469 3080 ceteri
1480 3024 1600 3099 πρῶτος.
1611 3024 1651 3081 V.
1670 3045 1712 3100 ¹9
1723 3024 1749 3083 r’
1764 3027 1835 3083 dedit

1038 3110 1069 3169 (1.
1080 3113 1114 3169 V.
1129 3130 1163 3167 ar
1181 3108 1307 3180 ἠλίύοτον
1322 3108 1494 3188 ἀνθρώποισιν
1504 3111 1678 3190 Schweigh.
1691 3126 1725 3171 et
1742 3116 1835 3171 Porro

1037 3217 1105 3273 nus3
1118 3195 1244 3268 ἠλίύατόν
1257 3195 1312 3256 ἐστ’
1328 3197 1473 3278 ἀνθρώποις
1488 3201 1527 3271 l3
1542 3197 1684 3269 ἠλίύατον
1702 3201 1733 3260 ἐν
1746 3201 1838 3280 α’νύρεί·

1037 3309 1122 3345 roten
1136 3290 1190 3344 VL.
1204 3287 1315 3343 Deinde
1327 3288 1392 3343 iibri
1404 3284 1589 3361 ἀλλοιώματα,
1598 3289 1688 3363 quod
1697 3302 1771 3367 apte
1782 3311 1837 3348 eor·

1037 3378 1106 3432 rexi.
1120 3376 1154 3432 V.
1176 3394 1213 3430 aa
1228 3380 1335 3453 τροφαῖς
1358 3376 1484 3431 Grotius.
1511 3373 1595 3431 Libri
1607 3383 1741 3453 τροπαῖς.
1754 3382 1789 3437 V.
1805 3389 1836 3447 at

1038 3466 1155 3519 aiteram
1162 3481 1312 3537 personam
1323 3465 1434 3522 immisi.
1445 3463 1626 3519 Sententiam
1634 3477 1722 3522 recte
1728 3486 1838 3543 expres·

1038 3556 1073 3609 sit
1089 3553 1224 3609 Grotius:
1241 3554 1345 3623 Quotus
1366 3559 1420 3607 ista
1438 3556 1552 3625 quisque
1565 3552 1730 3608 obteneat?
1744 3558 1781 3613 V.
1804 3555 1837 3611 ad

1038 3661 1092 3715 pro
1103 3639 1204 3695 διαπνεῖ
1217 3638 1237 3696 Ρ
1249 3636 1383 3695 habetitir
1396 3636 1510 3695 δείπνου.
1522 3637 1639 3694 Deinde
1647 3641 1719 3696 iibri
1733 3661 1837 3720 τοιγαρ-

1038 3734 1090 3786 οῦν.
1108 3732 1140 3787 V.
1169 3747 1206 3801 op
1224 3729 1246 3784 C
1264 3730 1378 3783 inverso
1395 3727 1549 3783 verborum
1572 3727 1686 3784 ordine
1700 3729 1838 3804 ὁμαλὲιιέ

1038 3814 1132 3893 χυμός.
1157 3820 1191 3873 V.
1205 3817 1243 3871 30
1260 3826 1288 3871 et
1310 3816 1344 3871 31
1367 3816 1473 3870 omittit
1490 3813 1523 3872 C.
1537 3814 1622 3870 Libri
1641 3814 1749 3892 λέγνις.
1763 3831 1837 3875 reete

1039 3902 1218 3960 emendatum
1230 3920 1247 3959 a
1267 3902 1417 3961 ticinello.
1431 3902 1543 3958 Deinde
1556 3902 1651 3957 iidem
1670 3903 1833 3980 πράγματα,

1039 3999 1154 4049 οῑποιεῖ.
1162 3988 1319 4068 Φρᾶγματ’,
1330 3988 1370 4061 ἐν,
1379 4010 1438 4064 quo
1447 3991 1524 4046 alvus
1536 3988 1679 4048 adstricta
1689 3991 1832 4069 significa·

1039 4090 1096 4153 tur,
1113 4079 1310 4157 reponendum
1325 4097 1384 4136 esse
1396 4079 1534 4137 intellexi.
1550 4080 1594 4135 De
1613 4100 1637 4134 π
1657 4091 1719 4157 etp
1736 4081 1832 4137 conin-

1039 4171 1076 4224 sis
1091 4169 1127 4224 ad
1149 4171 1234 4227 Arist.
1253 4169 1329 4223 Pluti
1342 4189 1370 4226 ν.
1391 4167 1461 4232 684.
1478 4169 1513 4223 V.
1531 4166 1568 4231 tt,
1593 4165 1733 4243 δφύσεως
1748 4167 1830 4237 ἐντὸς,

1039 4270 1151 4311 naturae
1161 4262 1320 4329 cognitione
1333 4257 1460 4321 imbutus,
1475 4255 1540 4311 coll.
1553 4253 1656 4309 Budaei
1671 4257 1831 4314 Commeat

1039 4366 1071 4419 p.
1097 4365 1162 4419 ¹79·
1183 4348 1217 4403 V.
1239 4344 1274 4400 35
1296 4341 1339 4400 οἵα
1365 4341 1672 4416 ’orirGrotius31ibri
1695 4342 1758 4400 οἵαν
1777 4344 1831 4414 τὴν,

1040 4433 1184 4507 iidemque
1201 4430 1286 4507 ὀσμὴν
1298 4450 1352 4506 pro
1368 4430 1466 4506 ἅλμην,
1480 4429 1559 4503 quod
1573 4432 1726 4503 aptissime
1739 4436 1833 4507 posuit

1040 4523 1176 4590 llicinrk.;
1188 4523 1281 4577 minus
1291 4532 1357 4593 apte
1367 4522 1474 4593 Reisig.
1488 4519 1613 4574 tentabat
1623 4517 1743 4593 δεσμήν.
1754 4525 1788 4578 V.
1799 4521 1830 4577 36

1039 4612 1104 4666 libri
1128 4610 1251 4667 αὐτοῖσιν.
1274 4610 1383 4666 Deinde
1403 4612 1541 4671 ποιοῦντας
1569 4608 1751 4684 Sclrweigh.;
1769 4611 1830 4665 libri

1040 4698 1192 4755 ποιούντων.
1205 4702 1239 4755 V.
1257 4697 1293 4767 37
1309 4697 1495 4770 probabiliter
1509 4696 1613 4768 Reisig.
1629 4695 1827 4771 ἐπιτρίὸοντας.

1041 4792 1073 4844 V.
1093 4782 1261 4859 391ἰ1ιοίὥς
1282 4806 1326 4858 μοι
1341 4782 1481 4860 κέχρησαι.
1500 4783 1621 4838 ilicinels.
1641 4796 1673 4838 et
1690 4786 1830 4840 Dobraeus

1041 4873 1075 4938 ὥς
1090 4896 1134 4948 μοι
1153 4872 1299 4950 κεχάρισαι.
1315 4873 1506 4928 Verosimilius
1525 4888 1579 4945 ego
1597 4871 1683 4944 κάμοὶ
1699 4871 1829 4949 κέχρητο.

1041 4967 1073 5019 V.
1090 4972 1122 5030 tr
1135 4964 1309 5035 antiquiores
1319 4963 1385 5016 iibri
1396 4956 1628 5034 ουμπλικομένας.
1640 4963 1751 5017 Vocem
1767 4960 1831 5034 ἐραὶ

1040 5072 1074 5108 ex
1086 5054 1258 5106 musicorum
1268 5061 1328 5104 arte
1338 5049 1470 5103 adscitam
1484 5047 1546 5118 isse,
1560 5046 1700 5103 observat
1716 5050 1832 5106 Potitus.

1094 5219 1241 5291 statimque
1251 5217 1379 5290 appositis
1388 5224 1449 5287 apte
1464 5223 1558 5280 nectm

1094 5304 1233 5361 interdum
1254 5304 1386 5359 absistens
1400 5317 1498 5357 moneo
1512 5318 1519 5354 :
1533 5325 1545 5348 ι
1557 5300 1599 5355 cui
1608 5299 1763 5374 adjungis?

1094 5409 1143 5448 cur
1159 5392 1217 5447 bac
1228 5390 1341 5445 ntiscere
1354 5388 1474 5458 cogitas?
1490 5402 1553 5442 cave
1567 5405 1573 5439 :

1040 5485 1075 5535 tto
1092 5480 1213 5548 διάφωνον
1223 5476 1315 5531 trabis.
1330 5490 1386 5529 non
1398 5473 1524 5544 migrabis
1536 5476 1660 5528 rectum?
1672 5496 1685 5518 ν

1095 5566 1229 5635 Epicurus
1239 5564 1276 5618 ita
1289 5561 1444 5632 complebat
1457 5562 1637 5632 voluptatem,

1094 5650 1274 5708 manducabat
1286 5656 1406 5713 attente3
1420 5647 1524 5703 sciebat
1537 5646 1611 5702 solus

1094 5738 1152 5804 ille,
1165 5735 1232 5809 quid
1245 5736 1348 5792 bonum
1361 5734 1411 5799 εἰει
1424 5735 1467 5789 isti
1482 5741 1573 5789 autern
1590 5733 1618 5787 iu
1634 5734 1701 5789 Stoa

1094 5831 1221 5895 quarunt
1234 5824 1366 5880 continuo
1379 5821 1458 5893 quale
1470 5821 1515 5885 sit.
1527 5819 1687 5875 rrescientes.

1041 5918 1075 5969 65
1093 5912 1190 5983 igitur,
1211 5910 1285 5983 quod
1303 5908 1416 5982 quidem
1429 5922 1484 5964 non
1505 5906 1606 5962 habent
1622 5922 1716 5979 neque
1727 5926 1839 5983 eogno-

1729 5999 1837 6062 [scant.

1094 6100 1137 6155 alii
1152 6116 1207 6154 nou
1220 6098 1391 6154 tradiderint.
1408 6098 1434 6151 b.
1449 6101 1551 6152 Tecum
1563 6096 1659 6150 sentio.

1095 6189 1328 6258 blittamusipitur
1347 6185 1473 6257 reliqua:
1495 6184 1601 6241 dudum
1622 6183 1723 6239 scilicet
1744 6191 1837 6242 inani·

1736 6273 1836 6344 ilrsta.
