<?xml version="1.0" encoding="UTF-8"?>
<!DOCTYPE html PUBLIC "-//W3C//DTD XHTML 1.0 Transitional//EN"
    "http://www.w3.org/TR/xhtml1/DTD/xhtml1-transitional.dtd">
<html xmlns="http://www.w3.org/1999/xhtml" xml:lang="en" lang="en">
 <head>
  <title>
</title>
<meta http-equiv="Content-Type" content="text/html;charset=utf-8" />
  <meta name='ocr-system' content='tesseract 3.04.00' />
  <meta name='ocr-capabilities' content='ocr_page ocr_carea ocr_par ocr_line ocrx_word'/>
</head>
<body>
  <div class='ocr_page' id='page_1' title='image "./poetarumcomicor00bothgoog_0142.png"; bbox 0 0 4084 8009; ppageno 0'>
   <div class='ocr_carea' id='block_1_1' title="bbox 310 1534 364 1587">
    <p class='ocr_par' dir='ltr' id='par_1_1' title="bbox 310 1534 364 1587">
     <span class='ocr_line' id='line_1_1' title="bbox 310 1534 364 1587; baseline -0.074 0"><span class='ocrx_word' id='word_1_1' title='bbox 310 1534 364 1587; x_wconf 77' lang='lat'>12²</span> 
     </span>
    </p>
   </div>
   <div class='ocr_carea' id='block_1_2' title="bbox 354 1648 1037 1854">
    <p class='ocr_par' dir='ltr' id='par_1_2' title="bbox 354 1648 1037 1854">
     <span class='ocr_line' id='line_1_2' title="bbox 355 1648 654 1744; baseline -0.007 -23"><span class='ocrx_word' id='word_1_2' title='bbox 355 1694 404 1706; x_wconf 90' lang='lat'>-</span> <span class='ocrx_word' id='word_1_3' title='bbox 417 1652 528 1743; x_wconf 75' lang='grc' dir='ltr'>Σκύψαι</span> <span class='ocrx_word' id='word_1_4' title='bbox 542 1648 578 1719; x_wconf 76' lang='grc' dir='ltr'>δέ</span> <span class='ocrx_word' id='word_1_5' title='bbox 599 1680 654 1744; x_wconf 89' lang='grc' dir='ltr'>μου</span> 
     </span>
     <span class='ocr_line' id='line_1_3' title="bbox 354 1756 1037 1854; baseline -0.007 -27"><span class='ocrx_word' id='word_1_6' title='bbox 354 1764 389 1827; x_wconf 84' lang='grc' dir='ltr'>τὸ</span> <span class='ocrx_word' id='word_1_7' title='bbox 408 1762 568 1853; x_wconf 79' lang='grc' dir='ltr'>μέτωπον,</span> <span class='ocrx_word' id='word_1_8' title='bbox 586 1760 613 1825; x_wconf 85' lang='grc' dir='ltr'>εἰ</span> <span class='ocrx_word' id='word_1_9' title='bbox 632 1760 742 1854; x_wconf 67' lang='lat' dir='ltr'>hippus</span> <span class='ocrx_word' id='word_1_10' title='bbox 756 1758 867 1850; x_wconf 77' lang='grc' dir='ltr'>ἔχουσα</span> <span class='ocrx_word' id='word_1_11' title='bbox 884 1756 1037 1850; x_wconf 68' lang='grc' dir='ltr'>τυγχάνω.</span> 
     </span>
    </p>
   </div>
   <div class='ocr_carea' id='block_1_3' title="bbox 305 1882 1090 2049">
    <p class='ocr_par' dir='ltr' id='par_1_3' title="bbox 305 1882 1090 2049">
     <span class='ocr_line' id='line_1_4' title="bbox 306 1882 1090 1965; baseline -0.013 -17"><span class='ocrx_word' id='word_1_12' title='bbox 306 1888 417 1965; x_wconf 58' lang='lat' dir='ltr'>(sepiae,</span> <span class='ocrx_word' id='word_1_13' title='bbox 426 1898 487 1943; x_wconf 88' lang='lat' dir='ltr'>non</span> <span class='ocrx_word' id='word_1_14' title='bbox 497 1882 593 1963; x_wconf 79' lang='grc' dir='ltr'>όίρμα,</span> <span class='ocrx_word' id='word_1_15' title='bbox 606 1886 744 1961; x_wconf 86' lang='lat' dir='ltr'>genuinos</span> <span class='ocrx_word' id='word_1_16' title='bbox 755 1884 864 1941; x_wconf 81' lang='lat' dir='ltr'>Atticos</span> <span class='ocrx_word' id='word_1_17' title='bbox 876 1884 978 1941; x_wconf 82' lang='lat' dir='ltr'>dixisse</span> <span class='ocrx_word' id='word_1_18' title='bbox 988 1894 1090 1939; x_wconf 81' lang='lat' dir='ltr'><strong>auctor</strong></span> 
     </span>
     <span class='ocr_line' id='line_1_5' title="bbox 305 1970 999 2049; baseline -0.007 -17"><span class='ocrx_word' id='word_1_19' title='bbox 305 1987 345 2032; x_wconf 88' lang='lat' dir='ltr'>cst</span> <span class='ocrx_word' id='word_1_20' title='bbox 359 1974 536 2049; x_wconf 83' lang='lat' dir='ltr'><strong>Phrynichus</strong></span> <span class='ocrx_word' id='word_1_21' title='bbox 548 1974 623 2049; x_wconf 87' lang='lat' dir='ltr'>Epit.</span> <span class='ocrx_word' id='word_1_22' title='bbox 639 1992 669 2049; x_wconf 90' lang='lat' dir='ltr'>p.</span> <span class='ocrx_word' id='word_1_23' title='bbox 684 1972 751 2042; x_wconf 83' lang='lat'>331,</span> <span class='ocrx_word' id='word_1_24' title='bbox 768 1972 819 2027; x_wconf 93' lang='lat' dir='ltr'>ubi</span> <span class='ocrx_word' id='word_1_25' title='bbox 832 1990 859 2024; x_wconf 90' lang='lat' dir='ltr'>v.</span> <span class='ocrx_word' id='word_1_26' title='bbox 871 1970 999 2029; x_wconf 77' lang='lat' dir='ltr'>Lobeck.</span> 
     </span>
    </p>
   </div>
   <div class='ocr_carea' id='block_1_4' title="bbox 344 2084 1027 2277">
    <p class='ocr_par' dir='ltr' id='par_1_4' title="bbox 344 2084 1027 2277">
     <span class='ocr_line' id='line_1_6' title="bbox 658 2084 756 2153; baseline -0.01 -10"><span class='ocrx_word' id='word_1_27' title='bbox 658 2084 685 2144; x_wconf 82' lang='lat'>3.</span> <span class='ocrx_word' id='word_1_28' title='bbox 728 2093 756 2153; x_wconf 92' lang='lat'>4.</span> 
     </span>
     <span class='ocr_line' id='line_1_7' title="bbox 344 2104 1027 2277; baseline -0.007 -19"><span class='ocrx_word' id='word_1_29' title='bbox 344 2198 465 2277; x_wconf 89' lang='lat' dir='ltr'>ldemp.</span> <span class='ocrx_word' id='word_1_30' title='bbox 480 2218 554 2273; x_wconf 82' lang='lat'>1¹⁷0</span> <span class='ocrx_word' id='word_1_31' title='bbox 568 2220 576 2256; x_wconf 83' lang='grc' dir='ltr'>ι</span> <span class='ocrx_word' id='word_1_32' title='bbox 591 2104 742 2277; x_wconf 60' lang='grc' dir='ltr'>Ἀγόυσιλί</span> <span class='ocrx_word' id='word_1_33' title='bbox 753 2196 800 2256; x_wconf 84' lang='grc' dir='ltr'>καί</span> <span class='ocrx_word' id='word_1_34' title='bbox 814 2196 972 2265; x_wconf 76' lang='grc' dir='ltr'>καθίζειν.</span> <span class='ocrx_word' id='word_1_35' title='bbox 990 2196 1027 2253; x_wconf 84' lang='grc' dir='ltr'>Φ.</span> 
     </span>
    </p>
   </div>
   <div class='ocr_carea' id='block_1_5' title="bbox 306 2308 1086 2521">
    <p class='ocr_par' dir='ltr' id='par_1_5' title="bbox 306 2308 1086 2521">
     <span class='ocr_line' id='line_1_8' title="bbox 352 2308 987 2411; baseline -0.005 -26"><span class='ocrx_word' id='word_1_36' title='bbox 352 2325 477 2385; x_wconf 80' lang='grc' dir='ltr'>Δεῖπνον</span> <span class='ocrx_word' id='word_1_37' title='bbox 494 2312 715 2411; x_wconf 69' lang='grc' dir='ltr'>παρασκεύαζε·</span> <span class='ocrx_word' id='word_1_38' title='bbox 731 2316 766 2383; x_wconf 76' lang='grc' dir='ltr'>σὺ</span> <span class='ocrx_word' id='word_1_39' title='bbox 784 2310 819 2383; x_wconf 79' lang='grc' dir='ltr'>δὲ</span> <span class='ocrx_word' id='word_1_40' title='bbox 837 2308 987 2392; x_wconf 65' lang='lat' dir='ltr'>mistam.</span> 
     </span>
     <span class='ocr_line' id='line_1_9' title="bbox 306 2440 1086 2521; baseline 0.001 -20"><span class='ocrx_word' id='word_1_41' title='bbox 306 2448 339 2502; x_wconf 82' lang='lat' dir='ltr'>Et</span> <span class='ocrx_word' id='word_1_42' title='bbox 353 2466 382 2521; x_wconf 91' lang='lat' dir='ltr'>p.</span> <span class='ocrx_word' id='word_1_43' title='bbox 402 2466 491 2519; x_wconf 88' lang='lat'>1171,</span> <span class='ocrx_word' id='word_1_44' title='bbox 506 2466 541 2504; x_wconf 86' lang='lat' dir='ltr'>ex</span> <span class='ocrx_word' id='word_1_45' title='bbox 554 2446 657 2504; x_wconf 88' lang='lat' dir='ltr'>eodem</span> <span class='ocrx_word' id='word_1_46' title='bbox 668 2444 752 2503; x_wconf 80' lang='lat' dir='ltr'>allert</span> <span class='ocrx_word' id='word_1_47' title='bbox 769 2444 883 2500; x_wconf 87' lang='lat' dir='ltr'>verbale</span> <span class='ocrx_word' id='word_1_48' title='bbox 896 2440 1086 2502; x_wconf 80' lang='grc' dir='ltr'>καθεστέον.</span> 
     </span>
    </p>
   </div>
   <div class='ocr_carea' id='block_1_6' title="bbox 305 2560 1089 2838">
    <p class='ocr_par' dir='ltr' id='par_1_6' title="bbox 305 2560 1089 2838">
     <span class='ocr_line' id='line_1_10' title="bbox 690 2560 720 2614; baseline -0.067 0"><span class='ocrx_word' id='word_1_49' title='bbox 690 2560 720 2614; x_wconf 83' lang='grc'>5.</span> 
     </span>
     <span class='ocr_line' id='line_1_11' title="bbox 342 2574 1089 2746; baseline -0.005 -20"><span class='ocrx_word' id='word_1_50' title='bbox 342 2667 424 2726; x_wconf 88' lang='lat' dir='ltr'>Idem</span> <span class='ocrx_word' id='word_1_51' title='bbox 435 2689 466 2746; x_wconf 85' lang='lat' dir='ltr'>p.</span> <span class='ocrx_word' id='word_1_52' title='bbox 485 2667 583 2742; x_wconf 80' lang='lat'>1745:</span> <span class='ocrx_word' id='word_1_53' title='bbox 603 2665 648 2724; x_wconf 82' lang='grc' dir='ltr'>καὶ</span> <span class='ocrx_word' id='word_1_54' title='bbox 668 2574 778 2746; x_wconf 55' lang='lat' dir='ltr'>ipisus</span> <span class='ocrx_word' id='word_1_55' title='bbox 797 2665 867 2731; x_wconf 78' lang='grc' dir='ltr'>ἔτος</span> <span class='ocrx_word' id='word_1_56' title='bbox 885 2664 1003 2743; x_wconf 73' lang='grc' dir='ltr'>λέγουσιν</span> <span class='ocrx_word' id='word_1_57' title='bbox 1020 2667 1089 2742; x_wconf 79' lang='grc' dir='ltr'>(ἱει-</span> 
     </span>
     <span class='ocr_line' id='line_1_12' title="bbox 305 2753 866 2838; baseline 0.004 -25"><span class='ocrx_word' id='word_1_58' title='bbox 305 2758 363 2817; x_wconf 86' lang='lat' dir='ltr'>tell.</span> <span class='ocrx_word' id='word_1_59' title='bbox 377 2759 402 2815; x_wconf 84' lang='grc' dir='ltr'>οῖ</span> <span class='ocrx_word' id='word_1_60' title='bbox 416 2755 565 2838; x_wconf 84' lang='grc' dir='ltr'>Ἀττικοί),</span> <span class='ocrx_word' id='word_1_61' title='bbox 580 2754 640 2837; x_wconf 68' lang='lat' dir='ltr'>chyl</span> <span class='ocrx_word' id='word_1_62' title='bbox 654 2753 733 2837; x_wconf 80' lang='grc' dir='ltr'>τρίτῳ</span> <span class='ocrx_word' id='word_1_63' title='bbox 747 2754 810 2818; x_wconf 80' lang='grc' dir='ltr'>ἔτει.</span> <span class='ocrx_word' id='word_1_64' title='bbox 826 2756 866 2817; x_wconf 84' lang='grc' dir='ltr'>Φ.</span> 
     </span>
    </p>
   </div>
   <div class='ocr_carea' id='block_1_7' title="bbox 349 2872 1084 3075">
    <p class='ocr_par' dir='ltr' id='par_1_7' title="bbox 349 2872 1084 3075">
     <span class='ocr_line' id='line_1_13' title="bbox 350 2872 685 2968; baseline 0.003 -29"><span class='ocrx_word' id='word_1_65' title='bbox 350 2911 395 2924; x_wconf 57' lang='lat'>·&gt;-</span> <span class='ocrx_word' id='word_1_66' title='bbox 408 2900 440 2944; x_wconf 90' lang='grc' dir='ltr'>α.</span> <span class='ocrx_word' id='word_1_67' title='bbox 458 2873 538 2943; x_wconf 89' lang='grc' dir='ltr'>Πότε</span> <span class='ocrx_word' id='word_1_68' title='bbox 556 2872 634 2968; x_wconf 84' lang='grc' dir='ltr'>(τι)</span> <span class='ocrx_word' id='word_1_69' title='bbox 650 2876 685 2941; x_wconf 84' lang='grc' dir='ltr'>σὺ</span> 
     </span>
     <span class='ocr_line' id='line_1_14' title="bbox 349 2969 1084 3075; baseline -0.003 -28"><span class='ocrx_word' id='word_1_70' title='bbox 349 2981 477 3057; x_wconf 77' lang='grc' dir='ltr'>ἤκουσας</span> <span class='ocrx_word' id='word_1_71' title='bbox 490 2985 598 3066; x_wconf 69' lang='grc' dir='ltr'>αὐτοῦ,</span> <span class='ocrx_word' id='word_1_72' title='bbox 617 2985 647 3066; x_wconf 89' lang='grc' dir='ltr'>β.</span> <span class='ocrx_word' id='word_1_73' title='bbox 665 2980 853 3075; x_wconf 83' lang='grc' dir='ltr'>Πρωτίρυσιν</span> <span class='ocrx_word' id='word_1_74' title='bbox 867 2969 961 3055; x_wconf 61' lang='lat' dir='ltr'>thoe</span> <span class='ocrx_word' id='word_1_75' title='bbox 973 2977 1084 3070; x_wconf 89' lang='grc' dir='ltr'>τρίτον.</span> 
     </span>
    </p>
   </div>
   <div class='ocr_carea' id='block_1_8' title="bbox 302 3106 1090 3540">
    <p class='ocr_par' dir='ltr' id='par_1_8' title="bbox 302 3106 1090 3540">
     <span class='ocr_line' id='line_1_15' title="bbox 303 3106 1090 3185; baseline -0.001 -21"><span class='ocrx_word' id='word_1_76' title='bbox 303 3112 472 3168; x_wconf 82' lang='lat' dir='ltr'>immisimus</span> <span class='ocrx_word' id='word_1_77' title='bbox 492 3108 521 3168; x_wconf 75' lang='grc' dir='ltr'>τί</span> <span class='ocrx_word' id='word_1_78' title='bbox 535 3123 564 3168; x_wconf 88' lang='lat' dir='ltr'>et</span> <span class='ocrx_word' id='word_1_79' title='bbox 585 3107 621 3185; x_wconf 79' lang='grc' dir='ltr'>ἢ,</span> <span class='ocrx_word' id='word_1_80' title='bbox 643 3129 767 3185; x_wconf 89' lang='lat' dir='ltr'>quorum</span> <span class='ocrx_word' id='word_1_81' title='bbox 781 3110 845 3179; x_wconf 91' lang='lat' dir='ltr'>illo,</span> <span class='ocrx_word' id='word_1_82' title='bbox 864 3106 944 3183; x_wconf 92' lang='lat' dir='ltr'>quod</span> <span class='ocrx_word' id='word_1_83' title='bbox 964 3107 1090 3164; x_wconf 77' lang='lat' dir='ltr'>hauserit</span> 
     </span>
     <span class='ocr_line' id='line_1_16' title="bbox 303 3193 1088 3276; baseline -0.001 -22"><span class='ocrx_word' id='word_1_84' title='bbox 303 3219 332 3255; x_wconf 88' lang='grc' dir='ltr'>τι</span> <span class='ocrx_word' id='word_1_85' title='bbox 351 3198 477 3273; x_wconf 81' lang='lat' dir='ltr'>syllaba,</span> <span class='ocrx_word' id='word_1_86' title='bbox 494 3199 604 3276; x_wconf 86' lang='lat' dir='ltr'>indiget</span> <span class='ocrx_word' id='word_1_87' title='bbox 622 3217 736 3268; x_wconf 86' lang='lat' dir='ltr'>versus,</span> <span class='ocrx_word' id='word_1_88' title='bbox 751 3199 809 3254; x_wconf 89' lang='lat' dir='ltr'>hoc</span> <span class='ocrx_word' id='word_1_89' title='bbox 823 3194 841 3265; x_wconf 74' lang='grc' dir='ltr'>ἢ</span> <span class='ocrx_word' id='word_1_90' title='bbox 858 3193 926 3266; x_wconf 81' lang='grc' dir='ltr'>Ι’τος,</span> <span class='ocrx_word' id='word_1_91' title='bbox 939 3216 994 3271; x_wconf 92' lang='lat' dir='ltr'>pro</span> <span class='ocrx_word' id='word_1_92' title='bbox 1015 3194 1088 3266; x_wconf 84' lang='grc' dir='ltr'>ίτος,</span> 
     </span>
     <span class='ocr_line' id='line_1_17' title="bbox 304 3282 1088 3365; baseline 0 -25"><span class='ocrx_word' id='word_1_93' title='bbox 304 3288 452 3345; x_wconf 89' lang='lat' dir='ltr'>sententia.</span> <span class='ocrx_word' id='word_1_94' title='bbox 469 3289 550 3343; x_wconf 87' lang='lat' dir='ltr'>Libri</span> <span class='ocrx_word' id='word_1_95' title='bbox 567 3283 745 3365; x_wconf 75' lang='grc' dir='ltr'>προπέρυσιν,</span> <span class='ocrx_word' id='word_1_96' title='bbox 758 3285 807 3341; x_wconf 89' lang='lat' dir='ltr'>sed</span> <span class='ocrx_word' id='word_1_97' title='bbox 823 3282 1001 3359; x_wconf 79' lang='lat' dir='ltr'>Phrynichus</span> <span class='ocrx_word' id='word_1_98' title='bbox 1015 3285 1088 3340; x_wconf 80' lang='lat' dir='ltr'>Bet-</span> 
     </span>
     <span class='ocr_line' id='line_1_18' title="bbox 302 3370 1088 3453; baseline 0.004 -26"><span class='ocrx_word' id='word_1_99' title='bbox 302 3375 365 3429; x_wconf 82' lang='lat' dir='ltr'>heri</span> <span class='ocrx_word' id='word_1_100' title='bbox 383 3393 413 3448; x_wconf 91' lang='lat' dir='ltr'>p.</span> <span class='ocrx_word' id='word_1_101' title='bbox 433 3376 483 3443; x_wconf 89' lang='lat'>60,</span> <span class='ocrx_word' id='word_1_102' title='bbox 498 3376 535 3432; x_wconf 79' lang='lat'>32</span> <span class='ocrx_word' id='word_1_103' title='bbox 553 3372 764 3453; x_wconf 75' lang='grc' dir='ltr'>ετρωπίρυσι</span> <span class='ocrx_word' id='word_1_104' title='bbox 778 3371 822 3430; x_wconf 79' lang='grc' dir='ltr'>δελ</span> <span class='ocrx_word' id='word_1_105' title='bbox 835 3376 881 3431; x_wconf 80' lang='grc' dir='ltr'>τοῦ</span> <span class='ocrx_word' id='word_1_106' title='bbox 895 3396 918 3430; x_wconf 86' lang='grc' dir='ltr'><strong>ω</strong></span> <span class='ocrx_word' id='word_1_107' title='bbox 931 3370 1050 3449; x_wconf 86' lang='grc' dir='ltr'>λίγουσιν</span> <span class='ocrx_word' id='word_1_108' title='bbox 1064 3374 1088 3432; x_wconf 86' lang='lat' dir='ltr'>oi</span> 
     </span>
     <span class='ocr_line' id='line_1_19' title="bbox 303 3458 1049 3540; baseline 0.004 -23"><span class='ocrx_word' id='word_1_109' title='bbox 303 3458 446 3530; x_wconf 59' lang='grc' dir='ltr'>Ἀθηναῖοι.</span> <span class='ocrx_word' id='word_1_110' title='bbox 462 3464 577 3519; x_wconf 83' lang='lat' dir='ltr'>Rectius</span> <span class='ocrx_word' id='word_1_111' title='bbox 589 3462 704 3519; x_wconf 85' lang='lat' dir='ltr'>videtur</span> <span class='ocrx_word' id='word_1_112' title='bbox 714 3462 856 3520; x_wconf 82' lang='lat' dir='ltr'>hicinehio</span> <span class='ocrx_word' id='word_1_113' title='bbox 872 3459 1049 3540; x_wconf 82' lang='grc' dir='ltr'>πρῳτίρυσιν.</span> 
     </span>
    </p>
   </div>
   <div class='ocr_carea' id='block_1_9' title="bbox 566 3639 823 3667">
    <p class='ocr_par' dir='ltr' id='par_1_9' title="bbox 566 3639 823 3667">
     <span class='ocr_line' id='line_1_20' title="bbox 566 3639 823 3667; baseline 0 -1"><span class='ocrx_word' id='word_1_114' title='bbox 566 3639 823 3667; x_wconf 47' lang='lat' dir='ltr'>—w—</span> 
     </span>
    </p>
   </div>
   <div class='ocr_carea' id='block_1_10' title="bbox 550 3755 843 3968">
    <p class='ocr_par' dir='ltr' id='par_1_10' title="bbox 550 3755 843 3968">
     <span class='ocr_line' id='line_1_21' title="bbox 667 3755 723 3813; baseline 0.036 -2"><span class='ocrx_word' id='word_1_115' title='bbox 667 3755 723 3813; x_wconf 83' lang='lat' dir='ltr'>nt.</span> 
     </span>
     <span class='ocr_line' id='line_1_22' title="bbox 550 3898 843 3968; baseline 0.01 -3"><span class='ocrx_word' id='word_1_116' title='bbox 550 3898 843 3968; x_wconf 85' lang='lat' dir='ltr'>TELECLIDES.</span> 
     </span>
    </p>
   </div>
   <div class='ocr_carea' id='block_1_11' title="bbox 255 4056 1089 5095">
    <p class='ocr_par' dir='ltr' id='par_1_11' title="bbox 255 4056 1089 5095">
     <span class='ocr_line' id='line_1_23' title="bbox 255 4056 1088 4133; baseline 0.01 -27"><span class='ocrx_word' id='word_1_117' title='bbox 255 4110 263 4119; x_wconf 57' lang='lat'>‚</span> <span class='ocrx_word' id='word_1_118' title='bbox 345 4080 358 4106; x_wconf 75' lang='grc' dir='ltr'>«ι</span> <span class='ocrx_word' id='word_1_119' title='bbox 371 4056 476 4112; x_wconf 87' lang='lat' dir='ltr'>lisdem</span> <span class='ocrx_word' id='word_1_120' title='bbox 490 4056 578 4114; x_wconf 81' lang='lat' dir='ltr'>ferme</span> <span class='ocrx_word' id='word_1_121' title='bbox 589 4057 786 4133; x_wconf 84' lang='lat' dir='ltr'>temporibus,</span> <span class='ocrx_word' id='word_1_122' title='bbox 802 4057 906 4132; x_wconf 88' lang='lat' dir='ltr'>quibus</span> <span class='ocrx_word' id='word_1_123' title='bbox 917 4058 1050 4117; x_wconf 80' lang='lat' dir='ltr'>Cratinus</span> <span class='ocrx_word' id='word_1_124' title='bbox 1060 4069 1088 4115; x_wconf 92' lang='lat' dir='ltr'>et</span> 
     </span>
     <span class='ocr_line' id='line_1_24' title="bbox 301 4141 1088 4220; baseline 0.003 -20"><span class='ocrx_word' id='word_1_125' title='bbox 301 4141 1088 4220; x_wconf 73' lang='lat' dir='ltr'>(Iratesssoruerunt,vixitTeleclideshtheniensis,aeer·</span> 
     </span>
     <span class='ocr_line' id='line_1_25' title="bbox 301 4231 1089 4303; baseline 0.003 -16"><span class='ocrx_word' id='word_1_126' title='bbox 301 4231 355 4287; x_wconf 93' lang='lat' dir='ltr'>bus</span> <span class='ocrx_word' id='word_1_127' title='bbox 365 4232 480 4289; x_wconf 87' lang='lat' dir='ltr'>Periclis</span> <span class='ocrx_word' id='word_1_128' title='bbox 488 4231 676 4303; x_wconf 79' lang='lat' dir='ltr'>adversarius,</span> <span class='ocrx_word' id='word_1_129' title='bbox 687 4245 719 4289; x_wconf 89' lang='lat' dir='ltr'>ut</span> <span class='ocrx_word' id='word_1_130' title='bbox 731 4244 826 4290; x_wconf 87' lang='lat' dir='ltr'>narrat</span> <span class='ocrx_word' id='word_1_131' title='bbox 835 4235 1003 4291; x_wconf 82' lang='lat' dir='ltr'>Plutarchus</span> <span class='ocrx_word' id='word_1_132' title='bbox 1013 4232 1089 4290; x_wconf 86' lang='lat' dir='ltr'>Peri·</span> 
     </span>
     <span class='ocr_line' id='line_1_26' title="bbox 301 4318 1087 4396; baseline 0.008 -23"><span class='ocrx_word' id='word_1_133' title='bbox 301 4318 344 4374; x_wconf 91' lang='lat' dir='ltr'>cle</span> <span class='ocrx_word' id='word_1_134' title='bbox 354 4338 379 4376; x_wconf 89' lang='lat' dir='ltr'>c.</span> <span class='ocrx_word' id='word_1_135' title='bbox 389 4319 405 4374; x_wconf 79' lang='grc'><strong>3</strong></span> <span class='ocrx_word' id='word_1_136' title='bbox 415 4329 444 4376; x_wconf 89' lang='lat' dir='ltr'>et</span> <span class='ocrx_word' id='word_1_137' title='bbox 457 4319 504 4390; x_wconf 90' lang='lat'>16,</span> <span class='ocrx_word' id='word_1_138' title='bbox 514 4319 565 4375; x_wconf 91' lang='lat' dir='ltr'>ubi</span> <span class='ocrx_word' id='word_1_139' title='bbox 575 4322 624 4393; x_wconf 91' lang='lat' dir='ltr'>qui</span> <span class='ocrx_word' id='word_1_140' title='bbox 634 4321 930 4395; x_wconf 82' lang='lat' dir='ltr'>alleruuttrrauapaesti</span> <span class='ocrx_word' id='word_1_141' title='bbox 939 4322 977 4393; x_wconf 81' lang='grc' dir='ltr'>(ν.</span> <span class='ocrx_word' id='word_1_142' title='bbox 987 4321 1087 4396; x_wconf 80' lang='lat' dir='ltr'>fragm.</span> 
     </span>
     <span class='ocr_line' id='line_1_27' title="bbox 299 4402 1088 4483; baseline 0.001 -21"><span class='ocrx_word' id='word_1_143' title='bbox 299 4407 401 4465; x_wconf 88' lang='lat' dir='ltr'>incert.</span> <span class='ocrx_word' id='word_1_144' title='bbox 412 4402 446 4482; x_wconf 81' lang='grc'>4)</span> <span class='ocrx_word' id='word_1_145' title='bbox 465 4407 548 4463; x_wconf 87' lang='lat' dir='ltr'>brevi</span> <span class='ocrx_word' id='word_1_146' title='bbox 565 4418 631 4481; x_wconf 88' lang='lat' dir='ltr'>post</span> <span class='ocrx_word' id='word_1_147' title='bbox 641 4408 788 4483; x_wconf 87' lang='lat' dir='ltr'>expulsum</span> <span class='ocrx_word' id='word_1_148' title='bbox 809 4408 1021 4481; x_wconf 85' lang='lat' dir='ltr'>Thucydidem,</span> <span class='ocrx_word' id='word_1_149' title='bbox 1036 4410 1088 4463; x_wconf 80' lang='lat' dir='ltr'>Mi·</span> 
     </span>
     <span class='ocr_line' id='line_1_28' title="bbox 299 4491 1087 4571; baseline 0.009 -24"><span class='ocrx_word' id='word_1_150' title='bbox 299 4494 372 4548; x_wconf 84' lang='lat' dir='ltr'>lesiae</span> <span class='ocrx_word' id='word_1_151' title='bbox 390 4491 498 4563; x_wconf 88' lang='lat' dir='ltr'>filium,</span> <span class='ocrx_word' id='word_1_152' title='bbox 523 4496 622 4568; x_wconf 89' lang='lat' dir='ltr'>scripti</span> <span class='ocrx_word' id='word_1_153' title='bbox 642 4496 788 4565; x_wconf 87' lang='lat' dir='ltr'>videntur,</span> <span class='ocrx_word' id='word_1_154' title='bbox 808 4496 838 4551; x_wconf 94' lang='lat' dir='ltr'>h.</span> <span class='ocrx_word' id='word_1_155' title='bbox 854 4513 881 4555; x_wconf 89' lang='lat' dir='ltr'>e.</span> <span class='ocrx_word' id='word_1_156' title='bbox 896 4507 961 4571; x_wconf 89' lang='lat' dir='ltr'>post</span> <span class='ocrx_word' id='word_1_157' title='bbox 979 4498 1087 4571; x_wconf 82' lang='lat' dir='ltr'><strong>olymp.</strong></span> 
     </span>
     <span class='ocr_line' id='line_1_29' title="bbox 300 4580 1086 4661; baseline 0.003 -24"><span class='ocrx_word' id='word_1_158' title='bbox 300 4580 349 4650; x_wconf 83' lang='lat'>83,</span> <span class='ocrx_word' id='word_1_159' title='bbox 365 4588 381 4649; x_wconf 82' lang='lat'>4</span> <span class='ocrx_word' id='word_1_160' title='bbox 396 4580 438 4659; x_wconf 84' lang='lat' dir='ltr'>(a.</span> <span class='ocrx_word' id='word_1_161' title='bbox 450 4588 508 4648; x_wconf 92' lang='lat'>444</span> <span class='ocrx_word' id='word_1_162' title='bbox 520 4594 586 4639; x_wconf 89' lang='lat' dir='ltr'>ante</span> <span class='ocrx_word' id='word_1_163' title='bbox 597 4584 665 4640; x_wconf 87' lang='lat' dir='ltr'>Chr.</span> <span class='ocrx_word' id='word_1_164' title='bbox 679 4595 737 4642; x_wconf 86' lang='lat' dir='ltr'>nat.</span> <span class='ocrx_word' id='word_1_165' title='bbox 747 4583 768 4661; x_wconf 83' lang='grc'>).</span> <span class='ocrx_word' id='word_1_166' title='bbox 779 4583 862 4640; x_wconf 91' lang='lat' dir='ltr'>ldem</span> <span class='ocrx_word' id='word_1_167' title='bbox 873 4584 995 4639; x_wconf 86' lang='lat' dir='ltr'>Pericles</span> <span class='ocrx_word' id='word_1_168' title='bbox 1005 4582 1086 4639; x_wconf 91' lang='lat' dir='ltr'>ride·</span> 
     </span>
     <span class='ocr_line' id='line_1_30' title="bbox 300 4667 1085 4747; baseline 0.005 -25"><span class='ocrx_word' id='word_1_169' title='bbox 300 4678 348 4723; x_wconf 89' lang='lat' dir='ltr'>tur</span> <span class='ocrx_word' id='word_1_170' title='bbox 360 4680 480 4744; x_wconf 91' lang='lat' dir='ltr'>propter</span> <span class='ocrx_word' id='word_1_171' title='bbox 492 4667 610 4747; x_wconf 82' lang='grc' dir='ltr'>κεφαλὴν</span> <span class='ocrx_word' id='word_1_172' title='bbox 622 4668 802 4728; x_wconf 75' lang='grc' dir='ltr'>ἕνδεκιίκλινον</span> <span class='ocrx_word' id='word_1_173' title='bbox 812 4670 972 4747; x_wconf 84' lang='lat' dir='ltr'>fragmento</span> <span class='ocrx_word' id='word_1_174' title='bbox 986 4673 1042 4728; x_wconf 89' lang='lat' dir='ltr'>inc.</span> <span class='ocrx_word' id='word_1_175' title='bbox 1056 4671 1085 4741; x_wconf 92' lang='grc'>6,</span> 
     </span>
     <span class='ocr_line' id='line_1_31' title="bbox 300 4755 1087 4833; baseline 0.005 -24"><span class='ocrx_word' id='word_1_176' title='bbox 300 4757 351 4828; x_wconf 83' lang='grc' dir='ltr'>(φυί</span> <span class='ocrx_word' id='word_1_177' title='bbox 365 4757 445 4811; x_wconf 86' lang='lat' dir='ltr'>locus</span> <span class='ocrx_word' id='word_1_178' title='bbox 454 4798 463 4826; x_wconf 92' lang='lat'>,</span> <span class='ocrx_word' id='word_1_179' title='bbox 486 4755 731 4829; x_wconf 81' lang='lat' dir='ltr'>quemadmodum</span> <span class='ocrx_word' id='word_1_180' title='bbox 752 4759 824 4815; x_wconf 88' lang='lat' dir='ltr'>alter</span> <span class='ocrx_word' id='word_1_181' title='bbox 841 4759 905 4833; x_wconf 87' lang='lat' dir='ltr'>ille,</span> <span class='ocrx_word' id='word_1_182' title='bbox 920 4757 1036 4813; x_wconf 80' lang='lat' dir='ltr'>fortasse</span> <span class='ocrx_word' id='word_1_183' title='bbox 1052 4776 1087 4813; x_wconf 86' lang='lat' dir='ltr'>ex</span> 
     </span>
     <span class='ocr_line' id='line_1_32' title="bbox 300 4844 1087 4921; baseline 0.001 -23"><span class='ocrx_word' id='word_1_184' title='bbox 300 4845 432 4899; x_wconf 70' lang='lat' dir='ltr'>Hemodis</span> <span class='ocrx_word' id='word_1_185' title='bbox 440 4846 546 4918; x_wconf 85' lang='lat' dir='ltr'>petitus</span> <span class='ocrx_word' id='word_1_186' title='bbox 554 4856 606 4915; x_wconf 89' lang='lat' dir='ltr'>cst,</span> <span class='ocrx_word' id='word_1_187' title='bbox 618 4848 715 4920; x_wconf 90' lang='lat' dir='ltr'>inqua</span> <span class='ocrx_word' id='word_1_188' title='bbox 727 4846 821 4902; x_wconf 83' lang='lat' dir='ltr'>sabula</span> <span class='ocrx_word' id='word_1_189' title='bbox 833 4844 951 4902; x_wconf 81' lang='lat' dir='ltr'>Periclis</span> <span class='ocrx_word' id='word_1_190' title='bbox 959 4848 1087 4921; x_wconf 88' lang='lat' dir='ltr'>Olympii</span> 
     </span>
     <span class='ocr_line' id='line_1_33' title="bbox 299 4932 1086 5010; baseline 0.004 -24"><span class='ocrx_word' id='word_1_191' title='bbox 299 4942 328 4986; x_wconf 89' lang='lat' dir='ltr'>et</span> <span class='ocrx_word' id='word_1_192' title='bbox 356 4932 499 5005; x_wconf 79' lang='lat' dir='ltr'>Chrysillae</span> <span class='ocrx_word' id='word_1_193' title='bbox 523 4950 634 4989; x_wconf 89' lang='lat' dir='ltr'>amores</span> <span class='ocrx_word' id='word_1_194' title='bbox 659 4936 783 5010; x_wconf 77' lang='lat' dir='ltr'>attigisse</span> <span class='ocrx_word' id='word_1_195' title='bbox 806 4933 976 4991; x_wconf 88' lang='lat' dir='ltr'>Teleclidem</span> <span class='ocrx_word' id='word_1_196' title='bbox 1001 4934 1086 4989; x_wconf 88' lang='lat' dir='ltr'>docet</span> 
     </span>
     <span class='ocr_line' id='line_1_34' title="bbox 300 5019 1086 5095; baseline 0.005 -22"><span class='ocrx_word' id='word_1_197' title='bbox 300 5019 450 5075; x_wconf 76' lang='lat' dir='ltr'>Athenaeus</span> <span class='ocrx_word' id='word_1_198' title='bbox 469 5039 515 5091; x_wconf 91' lang='lat' dir='ltr'>ro,</span> <span class='ocrx_word' id='word_1_199' title='bbox 531 5038 561 5095; x_wconf 90' lang='lat' dir='ltr'>p.</span> <span class='ocrx_word' id='word_1_200' title='bbox 584 5021 654 5092; x_wconf 79' lang='lat'>436,</span> <span class='ocrx_word' id='word_1_201' title='bbox 675 5024 709 5078; x_wconf 84' lang='lat' dir='ltr'>F.</span> <span class='ocrx_word' id='word_1_202' title='bbox 725 5023 831 5080; x_wconf 83' lang='lat' dir='ltr'>Contra</span> <span class='ocrx_word' id='word_1_203' title='bbox 852 5024 954 5080; x_wconf 81' lang='lat' dir='ltr'>eximie</span> <span class='ocrx_word' id='word_1_204' title='bbox 974 5021 1086 5078; x_wconf 84' lang='lat' dir='ltr'>favebat</span> 
     </span>
    </p>
   </div>
   <div class='ocr_carea' id='block_1_12' title="bbox 299 5109 1086 5185">
    <p class='ocr_par' dir='ltr' id='par_1_12' title="bbox 299 5109 1086 5185">
     <span class='ocr_line' id='line_1_35' title="bbox 299 5109 1086 5185; baseline 0.004 -23"><span class='ocrx_word' id='word_1_205' title='bbox 299 5109 386 5163; x_wconf 71' lang='lat' dir='ltr'>Nicias</span> <span class='ocrx_word' id='word_1_206' title='bbox 396 5127 403 5163; x_wconf 91' lang='lat'>:</span> <span class='ocrx_word' id='word_1_207' title='bbox 412 5128 441 5167; x_wconf 86' lang='lat' dir='ltr'>v.</span> <span class='ocrx_word' id='word_1_208' title='bbox 449 5109 551 5185; x_wconf 78' lang='lat' dir='ltr'>fragm.</span> <span class='ocrx_word' id='word_1_209' title='bbox 562 5111 663 5170; x_wconf 89' lang='lat' dir='ltr'>incert.</span> <span class='ocrx_word' id='word_1_210' title='bbox 673 5110 720 5170; x_wconf 81' lang='lat'>31.</span> <span class='ocrx_word' id='word_1_211' title='bbox 731 5112 852 5170; x_wconf 77' lang='lat' dir='ltr'>Fabulae</span> <span class='ocrx_word' id='word_1_212' title='bbox 860 5112 968 5182; x_wconf 87' lang='lat' dir='ltr'>docuit,</span> <span class='ocrx_word' id='word_1_213' title='bbox 976 5112 998 5166; x_wconf 92' lang='lat' dir='ltr'>si</span> <span class='ocrx_word' id='word_1_214' title='bbox 1005 5113 1086 5167; x_wconf 78' lang='lat' dir='ltr'>Ano-</span> 
     </span>
    </p>
   </div>
   <div class='ocr_carea' id='block_1_13' title="bbox 229 5283 913 5769">
    <p class='ocr_par' dir='ltr' id='par_1_13' title="bbox 229 5283 913 5608">
     <span class='ocr_line' id='line_1_36' title="bbox 229 5283 913 5432; baseline 0.004 -14"><span class='ocrx_word' id='word_1_215' title='bbox 229 5356 233 5365; x_wconf 85' lang='lat'>&#39;</span> <span class='ocrx_word' id='word_1_216' title='bbox 300 5392 335 5403; x_wconf 95' lang='lat'><em>-</em></span> <span class='ocrx_word' id='word_1_217' title='bbox 345 5364 431 5419; x_wconf 88' lang='lat' dir='ltr'>Teuta</span> <span class='ocrx_word' id='word_1_218' title='bbox 446 5378 509 5419; x_wconf 85' lang='lat' dir='ltr'>vero</span> <span class='ocrx_word' id='word_1_219' title='bbox 521 5362 589 5418; x_wconf 88' lang='lat' dir='ltr'>mihi</span> <span class='ocrx_word' id='word_1_220' title='bbox 603 5283 736 5432; x_wconf 46' lang='lat' dir='ltr'>anubim</span> <span class='ocrx_word' id='word_1_221' title='bbox 749 5380 784 5420; x_wconf 89' lang='lat' dir='ltr'>an</span> <span class='ocrx_word' id='word_1_222' title='bbox 798 5364 913 5421; x_wconf 88' lang='lat' dir='ltr'>caleam.</span> 
     </span>
     <span class='ocr_line' id='line_1_37' title="bbox 300 5456 796 5608; baseline 0 -16"><span class='ocrx_word' id='word_1_223' title='bbox 300 5539 413 5592; x_wconf 85' lang='lat' dir='ltr'>Coenam</span> <span class='ocrx_word' id='word_1_224' title='bbox 423 5547 539 5608; x_wconf 80' lang='lat' dir='ltr'>appara3</span> <span class='ocrx_word' id='word_1_225' title='bbox 552 5542 583 5593; x_wconf 91' lang='lat' dir='ltr'>tu</span> <span class='ocrx_word' id='word_1_226' title='bbox 599 5456 796 5593; x_wconf 69' lang='lat' dir='ltr'>verobiihside.</span> 
     </span>
    </p>

    <p class='ocr_par' dir='ltr' id='par_1_14' title="bbox 298 5627 715 5769">
     <span class='ocr_line' id='line_1_38' title="bbox 690 5629 715 5677; baseline 0 0"><span class='ocrx_word' id='word_1_227' title='bbox 690 5629 715 5677; x_wconf 80' lang='lat' dir='ltr'>i.</span> 
     </span>
     <span class='ocr_line' id='line_1_39' title="bbox 298 5627 687 5769; baseline -0.008 0"><span class='ocrx_word' id='word_1_228' title='bbox 298 5708 513 5769; x_wconf 78' lang='lat' dir='ltr'>considendum.</span> <span class='ocrx_word' id='word_1_229' title='bbox 669 5627 687 5679; x_wconf 63' lang='grc'>9</span> 
     </span>
    </p>
   </div>
   <div class='ocr_carea' id='block_1_14' title="bbox 300 5801 712 5954">
    <p class='ocr_par' dir='ltr' id='par_1_15' title="bbox 300 5801 712 5954">
     <span class='ocr_line' id='line_1_40' title="bbox 666 5801 712 5855; baseline -0.022 0"><span class='ocrx_word' id='word_1_230' title='bbox 666 5801 712 5855; x_wconf 76' lang='grc'>95.</span> 
     </span>
     <span class='ocr_line' id='line_1_41' title="bbox 300 5881 577 5954; baseline 0.018 -19"><span class='ocrx_word' id='word_1_231' title='bbox 300 5914 325 5922; x_wconf 90' lang='grc'><strong>-</strong></span> <span class='ocrx_word' id='word_1_232' title='bbox 339 5896 364 5935; x_wconf 87' lang='lat' dir='ltr'>a.</span> <span class='ocrx_word' id='word_1_233' title='bbox 378 5884 413 5937; x_wconf 86' lang='lat' dir='ltr'>Et</span> <span class='ocrx_word' id='word_1_234' title='bbox 423 5881 533 5954; x_wconf 87' lang='lat' dir='ltr'>quando</span> <span class='ocrx_word' id='word_1_235' title='bbox 547 5890 577 5940; x_wconf 90' lang='lat' dir='ltr'>tu</span> 
     </span>
    </p>
   </div>
   <div class='ocr_carea' id='block_1_15' title="bbox 300 5966 1083 6391">
    <p class='ocr_par' dir='ltr' id='par_1_16' title="bbox 300 5966 1083 6391">
     <span class='ocr_line' id='line_1_42' title="bbox 300 5966 1055 6029; baseline 0.007 -6"><span class='ocrx_word' id='word_1_236' title='bbox 300 5966 328 6023; x_wconf 87' lang='lat' dir='ltr'>id</span> <span class='ocrx_word' id='word_1_237' title='bbox 341 5983 373 6023; x_wconf 84' lang='grc' dir='ltr'>εκ</span> <span class='ocrx_word' id='word_1_238' title='bbox 385 5984 417 6026; x_wconf 88' lang='lat' dir='ltr'>eo</span> <span class='ocrx_word' id='word_1_239' title='bbox 430 5967 548 6026; x_wconf 79' lang='lat' dir='ltr'>audisti?</span> <span class='ocrx_word' id='word_1_240' title='bbox 560 5970 588 6025; x_wconf 92' lang='lat' dir='ltr'>b.</span> <span class='ocrx_word' id='word_1_241' title='bbox 604 5973 678 6027; x_wconf 88' lang='lat' dir='ltr'>lutra</span> <span class='ocrx_word' id='word_1_242' title='bbox 688 5968 831 6029; x_wconf 89' lang='lat' dir='ltr'>biennium</span> <span class='ocrx_word' id='word_1_243' title='bbox 840 5970 883 6029; x_wconf 84' lang='lat' dir='ltr'>vel</span> <span class='ocrx_word' id='word_1_244' title='bbox 894 5970 1055 6029; x_wconf 84' lang='lat' dir='ltr'>triennium.</span> 
     </span>
     <span class='ocr_line' id='line_1_43' title="bbox 544 6061 839 6117; baseline 0 -4"><span class='ocrx_word' id='word_1_245' title='bbox 544 6061 839 6117; x_wconf 80' lang='lat' dir='ltr'>AhlPHlCTYONES.</span> 
     </span>
     <span class='ocr_line' id='line_1_44' title="bbox 354 6152 1083 6375; baseline 0.004 -88"><span class='ocrx_word' id='word_1_246' title='bbox 354 6233 448 6288; x_wconf 82' lang='lat' dir='ltr'>Dicam</span> <span class='ocrx_word' id='word_1_247' title='bbox 464 6233 546 6305; x_wconf 78' lang='lat' dir='ltr'>igitur</span> <span class='ocrx_word' id='word_1_248' title='bbox 563 6232 598 6291; x_wconf 90' lang='lat' dir='ltr'>de</span> <span class='ocrx_word' id='word_1_249' title='bbox 613 6232 666 6289; x_wconf 86' lang='lat' dir='ltr'>vita</span> <span class='ocrx_word' id='word_1_250' title='bbox 676 6152 780 6304; x_wconf 65' lang='lat' dir='ltr'>‚lhuam</span> <span class='ocrx_word' id='word_1_251' title='bbox 791 6233 869 6291; x_wconf 86' lang='lat' dir='ltr'>initio</span> <span class='ocrx_word' id='word_1_252' title='bbox 880 6233 970 6307; x_wconf 78' lang='lat' dir='ltr'>paravi</span> <span class='ocrx_word' id='word_1_253' title='bbox 981 6242 1083 6375; x_wconf 62' lang='lat' dir='ltr'>aporta-</span> 
     </span>
     <span class='ocr_line' id='line_1_45' title="bbox 984 6320 1081 6391; baseline 0.021 -15"><span class='ocrx_word' id='word_1_254' title='bbox 984 6323 993 6391; x_wconf 93' lang='lat'>[</span> <span class='ocrx_word' id='word_1_255' title='bbox 1009 6320 1081 6378; x_wconf 85' lang='lat' dir='ltr'>ihus.</span> 
     </span>
    </p>
   </div>
   <div class='ocr_carea' id='block_1_16' title="bbox 804 1513 1421 1613">
    <p class='ocr_par' dir='ltr' id='par_1_17' title="bbox 804 1513 1421 1613">
     <span class='ocr_line' id='line_1_46' title="bbox 804 1513 1421 1613; baseline -0.002 -37"><span class='ocrx_word' id='word_1_256' title='bbox 804 1517 1005 1577; x_wconf 79' lang='lat' dir='ltr'>coMOEutAE</span> <span class='ocrx_word' id='word_1_257' title='bbox 1031 1515 1194 1578; x_wconf 71' lang='lat' dir='ltr'>vursats</span> <span class='ocrx_word' id='word_1_258' title='bbox 1216 1513 1421 1613; x_wconf 60' lang='lat' dir='ltr'>RELIQUIAE.</span> 
     </span>
    </p>
   </div>
   <div class='ocr_carea' id='block_1_17' title="bbox 1135 1644 1918 1995">
    <p class='ocr_par' dir='ltr' id='par_1_18' title="bbox 1135 1644 1918 1995">
     <span class='ocr_line' id='line_1_47' title="bbox 1135 1644 1918 1722; baseline 0.01 -20"><span class='ocrx_word' id='word_1_259' title='bbox 1135 1665 1222 1721; x_wconf 88' lang='lat' dir='ltr'>nymo</span> <span class='ocrx_word' id='word_1_260' title='bbox 1236 1650 1279 1704; x_wconf 90' lang='lat' dir='ltr'>De</span> <span class='ocrx_word' id='word_1_261' title='bbox 1292 1647 1433 1703; x_wconf 67' lang='lat' dir='ltr'>comoedia</span> <span class='ocrx_word' id='word_1_262' title='bbox 1445 1666 1475 1722; x_wconf 89' lang='lat' dir='ltr'>p.</span> <span class='ocrx_word' id='word_1_263' title='bbox 1493 1664 1544 1703; x_wconf 86' lang='lat' dir='ltr'>xrv</span> <span class='ocrx_word' id='word_1_264' title='bbox 1562 1644 1647 1720; x_wconf 80' lang='lat' dir='ltr'>fides,</span> <span class='ocrx_word' id='word_1_265' title='bbox 1671 1667 1792 1707; x_wconf 84' lang='lat' dir='ltr'>numero</span> <span class='ocrx_word' id='word_1_266' title='bbox 1808 1670 1874 1721; x_wconf 85' lang='lat' dir='ltr'>sex,</span> <span class='ocrx_word' id='word_1_267' title='bbox 1892 1657 1918 1710; x_wconf 88' lang='lat' dir='ltr'>in</span> 
     </span>
     <span class='ocr_line' id='line_1_48' title="bbox 1136 1735 1918 1813; baseline 0.01 -22"><span class='ocrx_word' id='word_1_268' title='bbox 1136 1736 1240 1811; x_wconf 84' lang='lat' dir='ltr'>quibus</span> <span class='ocrx_word' id='word_1_269' title='bbox 1249 1736 1366 1792; x_wconf 84' lang='lat' dir='ltr'>fortasse</span> <span class='ocrx_word' id='word_1_270' title='bbox 1379 1735 1433 1791; x_wconf 88' lang='lat' dir='ltr'>suit</span> <span class='ocrx_word' id='word_1_271' title='bbox 1442 1737 1569 1792; x_wconf 85' lang='lat' dir='ltr'>etiamen</span> <span class='ocrx_word' id='word_1_272' title='bbox 1579 1755 1665 1812; x_wconf 88' lang='lat' dir='ltr'>quam</span> <span class='ocrx_word' id='word_1_273' title='bbox 1674 1741 1801 1813; x_wconf 86' lang='lat' dir='ltr'>spuriam</span> <span class='ocrx_word' id='word_1_274' title='bbox 1811 1752 1918 1799; x_wconf 78' lang='lat' dir='ltr'>veteres</span> 
     </span>
     <span class='ocr_line' id='line_1_49' title="bbox 1136 1821 1917 1906; baseline 0.01 -27"><span class='ocrx_word' id='word_1_275' title='bbox 1136 1825 1228 1879; x_wconf 88' lang='lat' dir='ltr'>critici</span> <span class='ocrx_word' id='word_1_276' title='bbox 1232 1821 1436 1895; x_wconf 85' lang='lat' dir='ltr'>judicavenmt</span> <span class='ocrx_word' id='word_1_277' title='bbox 1450 1823 1496 1899; x_wconf 85' lang='lat' dir='ltr'>(v.</span> <span class='ocrx_word' id='word_1_278' title='bbox 1513 1823 1548 1884; x_wconf 84' lang='lat' dir='ltr'>h.</span> <span class='ocrx_word' id='word_1_279' title='bbox 1564 1825 1664 1883; x_wconf 86' lang='lat' dir='ltr'>incert.</span> <span class='ocrx_word' id='word_1_280' title='bbox 1684 1824 1748 1903; x_wconf 83' lang='lat'>16).</span> <span class='ocrx_word' id='word_1_281' title='bbox 1765 1830 1854 1885; x_wconf 89' lang='lat' dir='ltr'>Tituli</span> <span class='ocrx_word' id='word_1_282' title='bbox 1868 1832 1917 1906; x_wconf 84' lang='lat' dir='ltr'>ipsi</span> 
     </span>
     <span class='ocr_line' id='line_1_50' title="bbox 1135 1911 1918 1995; baseline 0.009 -28"><span class='ocrx_word' id='word_1_283' title='bbox 1135 1911 1298 1967; x_wconf 80' lang='lat' dir='ltr'>fabularum</span> <span class='ocrx_word' id='word_1_284' title='bbox 1306 1922 1567 1968; x_wconf 85' lang='lat' dir='ltr'>commemorantur</span> <span class='ocrx_word' id='word_1_285' title='bbox 1578 1913 1715 1988; x_wconf 87' lang='lat' dir='ltr'>quinque,</span> <span class='ocrx_word' id='word_1_286' title='bbox 1725 1911 1918 1995; x_wconf 84' lang='grc' dir='ltr'>Ἀμφικτύονες,</span> 
     </span>
    </p>
   </div>
   <div class='ocr_carea' id='block_1_18' title="bbox 1062 1996 1918 2081">
    <p class='ocr_par' dir='ltr' id='par_1_19' title="bbox 1062 1996 1918 2081">
     <span class='ocr_line' id='line_1_51' title="bbox 1062 1996 1918 2081; baseline 0.008 -26"><span class='ocrx_word' id='word_1_287' title='bbox 1062 2035 1068 2047; x_wconf 89' lang='lat'><strong>·</strong></span> <span class='ocrx_word' id='word_1_288' title='bbox 1135 1997 1280 2077; x_wconf 79' lang='grc' dir='ltr'>Ἀψιυδεῖς,</span> <span class='ocrx_word' id='word_1_289' title='bbox 1301 1996 1438 2075; x_wconf 81' lang='grc' dir='ltr'>Ἡσίοδοι,</span> <span class='ocrx_word' id='word_1_290' title='bbox 1460 1996 1622 2078; x_wconf 75' lang='grc' dir='ltr'>Πρυτάνεις,</span> <span class='ocrx_word' id='word_1_291' title='bbox 1645 2000 1772 2081; x_wconf 86' lang='grc' dir='ltr'>Στερρολ,</span> <span class='ocrx_word' id='word_1_292' title='bbox 1799 2023 1918 2079; x_wconf 88' lang='lat' dir='ltr'>quarum</span> 
     </span>
    </p>
   </div>
   <div class='ocr_carea' id='block_1_19' title="bbox 1135 2086 1919 2591">
    <p class='ocr_par' dir='ltr' id='par_1_20' title="bbox 1135 2086 1919 2591">
     <span class='ocr_line' id='line_1_52' title="bbox 1135 2086 1919 2167; baseline 0.013 -24"><span class='ocrx_word' id='word_1_293' title='bbox 1135 2088 1237 2145; x_wconf 76' lang='lat' dir='ltr'>suidas</span> <span class='ocrx_word' id='word_1_294' title='bbox 1256 2108 1286 2144; x_wconf 87' lang='lat' dir='ltr'>v.</span> <span class='ocrx_word' id='word_1_295' title='bbox 1301 2086 1481 2160; x_wconf 70' lang='grc' dir='ltr'>Τηλεκλείδης</span> <span class='ocrx_word' id='word_1_296' title='bbox 1498 2092 1655 2167; x_wconf 81' lang='lat' dir='ltr'>exsignavit</span> <span class='ocrx_word' id='word_1_297' title='bbox 1673 2103 1730 2149; x_wconf 86' lang='lat' dir='ltr'>tres</span> <span class='ocrx_word' id='word_1_298' title='bbox 1750 2097 1865 2151; x_wconf 85' lang='lat' dir='ltr'>nonnisi</span> <span class='ocrx_word' id='word_1_299' title='bbox 1888 2116 1919 2153; x_wconf 87' lang='lat' dir='ltr'>ex</span> 
     </span>
     <span class='ocr_line' id='line_1_53' title="bbox 1135 2174 1918 2260; baseline 0.004 -29"><span class='ocrx_word' id='word_1_300' title='bbox 1135 2176 1270 2232; x_wconf 72' lang='lat' dir='ltr'>Athenaeo</span> <span class='ocrx_word' id='word_1_301' title='bbox 1284 2176 1339 2232; x_wconf 85' lang='lat' dir='ltr'>sibi</span> <span class='ocrx_word' id='word_1_302' title='bbox 1350 2178 1490 2251; x_wconf 89' lang='lat' dir='ltr'>cognitas,</span> <span class='ocrx_word' id='word_1_303' title='bbox 1502 2174 1591 2256; x_wconf 67' lang='lat' dir='ltr'>hup,</span> <span class='ocrx_word' id='word_1_304' title='bbox 1605 2176 1700 2256; x_wconf 72' lang='lat' dir='ltr'>Upon,</span> <span class='ocrx_word' id='word_1_305' title='bbox 1711 2191 1740 2237; x_wconf 89' lang='lat' dir='ltr'>et</span> <span class='ocrx_word' id='word_1_306' title='bbox 1752 2178 1893 2260; x_wconf 84' lang='grc' dir='ltr'>Στερρούς.</span> <span class='ocrx_word' id='word_1_307' title='bbox 1906 2209 1918 2234; x_wconf 69' lang='grc' dir='ltr'>ι</span> 
     </span>
     <span class='ocr_line' id='line_1_54' title="bbox 1135 2265 1918 2343; baseline 0.01 -23"><span class='ocrx_word' id='word_1_308' title='bbox 1135 2265 1177 2320; x_wconf 82' lang='lat' dir='ltr'>Ex</span> <span class='ocrx_word' id='word_1_309' title='bbox 1190 2266 1280 2332; x_wconf 76' lang='lat' dir='ltr'>Mein,</span> <span class='ocrx_word' id='word_1_310' title='bbox 1291 2267 1365 2325; x_wconf 84' lang='lat' dir='ltr'>Hist.</span> <span class='ocrx_word' id='word_1_311' title='bbox 1381 2266 1445 2321; x_wconf 89' lang='lat' dir='ltr'>crit.</span> <span class='ocrx_word' id='word_1_312' title='bbox 1459 2265 1541 2326; x_wconf 89' lang='lat' dir='ltr'>Com.</span> <span class='ocrx_word' id='word_1_313' title='bbox 1554 2286 1585 2341; x_wconf 93' lang='lat' dir='ltr'>p.</span> <span class='ocrx_word' id='word_1_314' title='bbox 1598 2266 1649 2339; x_wconf 90' lang='grc'>86,</span> <span class='ocrx_word' id='word_1_315' title='bbox 1661 2266 1712 2339; x_wconf 87' lang='lat'>87,</span> <span class='ocrx_word' id='word_1_316' title='bbox 1727 2269 1811 2343; x_wconf 86' lang='lat' dir='ltr'>eujus</span> <span class='ocrx_word' id='word_1_317' title='bbox 1819 2272 1875 2328; x_wconf 84' lang='lat' dir='ltr'>viri</span> <span class='ocrx_word' id='word_1_318' title='bbox 1887 2272 1918 2328; x_wconf 89' lang='lat' dir='ltr'>de</span> 
     </span>
     <span class='ocr_line' id='line_1_55' title="bbox 1136 2355 1917 2436; baseline 0.01 -27"><span class='ocrx_word' id='word_1_319' title='bbox 1136 2355 1255 2430; x_wconf 83' lang='lat' dir='ltr'>singulis</span> <span class='ocrx_word' id='word_1_320' title='bbox 1281 2356 1465 2428; x_wconf 71' lang='lat' dir='ltr'>questionem</span> <span class='ocrx_word' id='word_1_321' title='bbox 1491 2357 1621 2412; x_wconf 87' lang='lat' dir='ltr'>criticam</span> <span class='ocrx_word' id='word_1_322' title='bbox 1644 2356 1733 2414; x_wconf 87' lang='lat' dir='ltr'>habes</span> <span class='ocrx_word' id='word_1_323' title='bbox 1755 2378 1786 2435; x_wconf 88' lang='lat' dir='ltr'>p.</span> <span class='ocrx_word' id='word_1_324' title='bbox 1815 2358 1917 2436; x_wconf 82' lang='lat' dir='ltr'>87·9o.</span> 
     </span>
     <span class='ocr_line' id='line_1_56' title="bbox 1135 2443 1918 2524; baseline 0.008 -25"><span class='ocrx_word' id='word_1_325' title='bbox 1135 2446 1312 2517; x_wconf 77' lang='lat' dir='ltr'>Argumenta</span> <span class='ocrx_word' id='word_1_326' title='bbox 1323 2443 1450 2499; x_wconf 91' lang='lat' dir='ltr'>omnium</span> <span class='ocrx_word' id='word_1_327' title='bbox 1461 2444 1562 2500; x_wconf 84' lang='lat' dir='ltr'>harum</span> <span class='ocrx_word' id='word_1_328' title='bbox 1571 2444 1734 2503; x_wconf 81' lang='lat' dir='ltr'>fabularum</span> <span class='ocrx_word' id='word_1_329' title='bbox 1745 2447 1784 2504; x_wconf 93' lang='lat' dir='ltr'>oh</span> <span class='ocrx_word' id='word_1_330' title='bbox 1796 2451 1918 2524; x_wconf 87' lang='lat' dir='ltr'>paucita-</span> 
     </span>
     <span class='ocr_line' id='line_1_57' title="bbox 1136 2533 1678 2591; baseline 0.011 -6"><span class='ocrx_word' id='word_1_331' title='bbox 1136 2538 1193 2585; x_wconf 88' lang='lat' dir='ltr'>tem</span> <span class='ocrx_word' id='word_1_332' title='bbox 1206 2541 1382 2587; x_wconf 86' lang='lat' dir='ltr'>servatorum</span> <span class='ocrx_word' id='word_1_333' title='bbox 1396 2550 1531 2588; x_wconf 84' lang='lat' dir='ltr'>versuum</span> <span class='ocrx_word' id='word_1_334' title='bbox 1546 2533 1678 2591; x_wconf 87' lang='lat' dir='ltr'>obscura.</span> 
     </span>
    </p>
   </div>
   <div class='ocr_carea' id='block_1_20' title="bbox 1359 2668 1693 2729">
    <p class='ocr_par' dir='ltr' id='par_1_21' title="bbox 1359 2668 1693 2729">
     <span class='ocr_line' id='line_1_58' title="bbox 1359 2668 1693 2729; baseline 0.006 -2"><span class='ocrx_word' id='word_1_335' title='bbox 1359 2668 1383 2728; x_wconf 94' lang='grc' dir='ltr'>Ι.</span> <span class='ocrx_word' id='word_1_336' title='bbox 1400 2668 1693 2729; x_wconf 68' lang='lat' dir='ltr'>summouet.</span> 
     </span>
    </p>
   </div>
   <div class='ocr_carea' id='block_1_21' title="bbox 1135 2938 1917 5200">
    <p class='ocr_par' dir='ltr' id='par_1_22' title="bbox 1135 2938 1917 3282">
     <span class='ocr_line' id='line_1_59' title="bbox 1175 2938 1916 3017; baseline 0.007 -22"><span class='ocrx_word' id='word_1_337' title='bbox 1175 2938 1280 2998; x_wconf 84' lang='lat' dir='ltr'>Athen.</span> <span class='ocrx_word' id='word_1_338' title='bbox 1297 2938 1328 3011; x_wconf 88' lang='lat'>6,</span> <span class='ocrx_word' id='word_1_339' title='bbox 1340 2959 1371 3016; x_wconf 87' lang='lat' dir='ltr'>p.</span> <span class='ocrx_word' id='word_1_340' title='bbox 1386 2938 1456 3011; x_wconf 75' lang='lat'>268,</span> <span class='ocrx_word' id='word_1_341' title='bbox 1471 2941 1508 3011; x_wconf 91' lang='lat' dir='ltr'>B,</span> <span class='ocrx_word' id='word_1_342' title='bbox 1527 2940 1666 3017; x_wconf 84' lang='lat' dir='ltr'>appositis</span> <span class='ocrx_word' id='word_1_343' title='bbox 1679 2938 1789 2998; x_wconf 85' lang='lat' dir='ltr'>Cratini</span> <span class='ocrx_word' id='word_1_344' title='bbox 1801 2950 1833 2996; x_wconf 89' lang='lat' dir='ltr'>et</span> <span class='ocrx_word' id='word_1_345' title='bbox 1853 2938 1916 3000; x_wconf 80' lang='lat' dir='ltr'>Cra·</span> 
     </span>
     <span class='ocr_line' id='line_1_60' title="bbox 1136 3023 1916 3105; baseline 0 -23"><span class='ocrx_word' id='word_1_346' title='bbox 1136 3028 1200 3083; x_wconf 91' lang='lat' dir='ltr'>tetis</span> <span class='ocrx_word' id='word_1_347' title='bbox 1210 3028 1316 3102; x_wconf 79' lang='lat' dir='ltr'>eclogia</span> <span class='ocrx_word' id='word_1_348' title='bbox 1325 3024 1442 3105; x_wconf 81' lang='grc' dir='ltr'>περὶτοῦ</span> <span class='ocrx_word' id='word_1_349' title='bbox 1459 3025 1571 3105; x_wconf 77' lang='grc' dir='ltr'>ἀρχείου</span> <span class='ocrx_word' id='word_1_350' title='bbox 1586 3024 1662 3105; x_wconf 88' lang='grc' dir='ltr'>βίου,</span> <span class='ocrx_word' id='word_1_351' title='bbox 1677 3028 1717 3083; x_wconf 92' lang='lat' dir='ltr'>ita</span> <span class='ocrx_word' id='word_1_352' title='bbox 1728 3027 1847 3102; x_wconf 82' lang='lat' dir='ltr'>pergit:</span> <span class='ocrx_word' id='word_1_353' title='bbox 1861 3023 1916 3104; x_wconf 87' lang='grc' dir='ltr'>βίλ·</span> 
     </span>
     <span class='ocr_line' id='line_1_61' title="bbox 1135 3111 1917 3194; baseline 0.001 -23"><span class='ocrx_word' id='word_1_354' title='bbox 1135 3135 1189 3171; x_wconf 88' lang='grc' dir='ltr'>τιον</span> <span class='ocrx_word' id='word_1_355' title='bbox 1200 3112 1227 3172; x_wconf 75' lang='lat' dir='ltr'>dl</span> <span class='ocrx_word' id='word_1_356' title='bbox 1239 3111 1337 3171; x_wconf 77' lang='grc' dir='ltr'>τούτοιν</span> <span class='ocrx_word' id='word_1_357' title='bbox 1348 3113 1383 3193; x_wconf 82' lang='lat' dir='ltr'>(l)</span> <span class='ocrx_word' id='word_1_358' title='bbox 1396 3113 1578 3186; x_wconf 74' lang='grc' dir='ltr'>Τηλεκλείδης</span> <span class='ocrx_word' id='word_1_359' title='bbox 1589 3111 1761 3194; x_wconf 74' lang='grc' dir='ltr'>Ἀμφικτύοσι</span> <span class='ocrx_word' id='word_1_360' title='bbox 1773 3113 1844 3189; x_wconf 77' lang='lat' dir='ltr'>(suh</span> <span class='ocrx_word' id='word_1_361' title='bbox 1856 3132 1917 3189; x_wconf 85' lang='lat' dir='ltr'>per·</span> 
     </span>
     <span class='ocr_line' id='line_1_62' title="bbox 1135 3200 1537 3282; baseline 0 -21"><span class='ocrx_word' id='word_1_362' title='bbox 1135 3222 1204 3262; x_wconf 89' lang='lat' dir='ltr'>sona</span> <span class='ocrx_word' id='word_1_363' title='bbox 1214 3205 1338 3277; x_wconf 73' lang='lat' dir='ltr'>Natura,</span> <span class='ocrx_word' id='word_1_364' title='bbox 1352 3206 1405 3262; x_wconf 85' lang='lat' dir='ltr'>nisi</span> <span class='ocrx_word' id='word_1_365' title='bbox 1419 3200 1537 3282; x_wconf 72' lang='lat' dir='ltr'>lallorl·</span> 
     </span>
    </p>

    <p class='ocr_par' dir='ltr' id='par_1_23' title="bbox 1208 3297 1916 3504">
     <span class='ocr_line' id='line_1_63' title="bbox 1208 3297 1916 3397; baseline -0.004 -25"><span class='ocrx_word' id='word_1_366' title='bbox 1208 3304 1294 3388; x_wconf 78' lang='grc' dir='ltr'>Λίξω</span> <span class='ocrx_word' id='word_1_367' title='bbox 1306 3306 1407 3373; x_wconf 91' lang='grc' dir='ltr'>τοίνυν</span> <span class='ocrx_word' id='word_1_368' title='bbox 1425 3304 1502 3390; x_wconf 88' lang='grc' dir='ltr'>βίον,</span> <span class='ocrx_word' id='word_1_369' title='bbox 1516 3297 1548 3383; x_wconf 75' lang='grc' dir='ltr'>ἐξ</span> <span class='ocrx_word' id='word_1_370' title='bbox 1560 3303 1654 3397; x_wconf 78' lang='grc' dir='ltr'>ἀρχῆς</span> <span class='ocrx_word' id='word_1_371' title='bbox 1669 3298 1702 3369; x_wconf 83' lang='grc' dir='ltr'>όν</span> <span class='ocrx_word' id='word_1_372' title='bbox 1712 3300 1774 3395; x_wconf 75' lang='grc' dir='ltr'>ἐγὼ</span> <span class='ocrx_word' id='word_1_373' title='bbox 1787 3300 1916 3376; x_wconf 77' lang='grc' dir='ltr'>θνητοῖσι</span> 
     </span>
     <span class='ocr_line' id='line_1_64' title="bbox 1762 3413 1914 3504; baseline 0.026 -5"><span class='ocrx_word' id='word_1_374' title='bbox 1762 3413 1914 3504; x_wconf 62' lang='grc' dir='ltr'>παρεῖεν·</span> 
     </span>
    </p>

    <p class='ocr_par' dir='ltr' id='par_1_24' title="bbox 1210 3510 1915 3713">
     <span class='ocr_line' id='line_1_65' title="bbox 1210 3510 1915 3610; baseline -0.006 -28"><span class='ocrx_word' id='word_1_375' title='bbox 1210 3516 1319 3608; x_wconf 70' lang='grc' dir='ltr'>Εἰρήνη</span> <span class='ocrx_word' id='word_1_376' title='bbox 1348 3517 1401 3608; x_wconf 76' lang='grc' dir='ltr'>μὲν</span> <span class='ocrx_word' id='word_1_377' title='bbox 1423 3524 1543 3610; x_wconf 83' lang='grc' dir='ltr'>πρῶτον</span> <span class='ocrx_word' id='word_1_378' title='bbox 1572 3513 1718 3580; x_wconf 79' lang='grc' dir='ltr'>ἁπάντων</span> <span class='ocrx_word' id='word_1_379' title='bbox 1751 3510 1788 3587; x_wconf 78' lang='grc' dir='ltr'>ἦν</span> <span class='ocrx_word' id='word_1_380' title='bbox 1821 3517 1915 3607; x_wconf 63' lang='lat' dir='ltr'>doru</span> 
     </span>
     <span class='ocr_line' id='line_1_66' title="bbox 1615 3612 1915 3713; baseline 0 -28"><span class='ocrx_word' id='word_1_381' title='bbox 1615 3612 1696 3709; x_wconf 79' lang='grc' dir='ltr'>ὕδωρ</span> <span class='ocrx_word' id='word_1_382' title='bbox 1711 3616 1793 3685; x_wconf 77' lang='grc' dir='ltr'>κατὰ</span> <span class='ocrx_word' id='word_1_383' title='bbox 1806 3619 1915 3713; x_wconf 86' lang='grc' dir='ltr'>χειρός·</span> 
     </span>
    </p>

    <p class='ocr_par' dir='ltr' id='par_1_25' title="bbox 1207 3717 1913 3925">
     <span class='ocr_line' id='line_1_67' title="bbox 1207 3717 1913 3821; baseline 0 -28"><span class='ocrx_word' id='word_1_384' title='bbox 1207 3734 1226 3802; x_wconf 78' lang='grc' dir='ltr'><strong>ἡ</strong></span> <span class='ocrx_word' id='word_1_385' title='bbox 1249 3736 1289 3820; x_wconf 83' lang='grc' dir='ltr'><strong>γῆ</strong></span> <span class='ocrx_word' id='word_1_386' title='bbox 1317 3719 1348 3792; x_wconf 79' lang='grc' dir='ltr'>δ’</span> <span class='ocrx_word' id='word_1_387' title='bbox 1374 3724 1448 3821; x_wconf 77' lang='grc' dir='ltr'>ἔφερ’</span> <span class='ocrx_word' id='word_1_388' title='bbox 1462 3730 1495 3793; x_wconf 86' lang='grc' dir='ltr'>ού</span> <span class='ocrx_word' id='word_1_389' title='bbox 1510 3719 1593 3810; x_wconf 77' lang='grc' dir='ltr'>δύος,</span> <span class='ocrx_word' id='word_1_390' title='bbox 1614 3717 1683 3793; x_wconf 66' lang='grc' dir='ltr'>οὐδὲ</span> <span class='ocrx_word' id='word_1_391' title='bbox 1708 3724 1829 3808; x_wconf 87' lang='grc' dir='ltr'>νόσους,</span> <span class='ocrx_word' id='word_1_392' title='bbox 1849 3726 1913 3793; x_wconf 75' lang='grc' dir='ltr'>ἀλλ’</span> 
     </span>
     <span class='ocr_line' id='line_1_68' title="bbox 1528 3820 1913 3925; baseline 0 -27"><span class='ocrx_word' id='word_1_393' title='bbox 1528 3829 1675 3925; x_wconf 78' lang='grc' dir='ltr'>αὐτόματ’</span> <span class='ocrx_word' id='word_1_394' title='bbox 1688 3827 1726 3903; x_wconf 74' lang='grc' dir='ltr'>ἦν</span> <span class='ocrx_word' id='word_1_395' title='bbox 1740 3829 1782 3896; x_wconf 77' lang='grc' dir='ltr'>τὰ</span> <span class='ocrx_word' id='word_1_396' title='bbox 1797 3820 1913 3898; x_wconf 76' lang='grc' dir='ltr'>δύοντα·</span> 
     </span>
    </p>

    <p class='ocr_par' dir='ltr' id='par_1_26' title="bbox 1207 3929 1915 4137">
     <span class='ocr_line' id='line_1_69' title="bbox 1207 3929 1914 4033; baseline -0.001 -27"><span class='ocrx_word' id='word_1_397' title='bbox 1207 3938 1276 4028; x_wconf 84' lang='grc' dir='ltr'>οἴνῳ</span> <span class='ocrx_word' id='word_1_398' title='bbox 1297 3938 1353 4033; x_wconf 75' lang='grc' dir='ltr'>γὰρ</span> <span class='ocrx_word' id='word_1_399' title='bbox 1369 3940 1462 4006; x_wconf 60' lang='lat' dir='ltr'>cinam</span> <span class='ocrx_word' id='word_1_400' title='bbox 1489 3940 1562 4032; x_wconf 79' lang='grc' dir='ltr'>ἔρρει</span> <span class='ocrx_word' id='word_1_401' title='bbox 1581 3930 1739 4032; x_wconf 74' lang='grc' dir='ltr'>χαράδρα,</span> <span class='ocrx_word' id='word_1_402' title='bbox 1766 3931 1864 4029; x_wconf 71' lang='grc' dir='ltr'>μᾶζαι</span> <span class='ocrx_word' id='word_1_403' title='bbox 1886 3929 1914 4004; x_wconf 78' lang='grc' dir='ltr'>δ’</span> 
     </span>
     <span class='ocr_line' id='line_1_70' title="bbox 1649 4041 1915 4137; baseline 0.008 -28"><span class='ocrx_word' id='word_1_404' title='bbox 1649 4041 1750 4137; x_wconf 78' lang='grc' dir='ltr'>ἄρτοις</span> <span class='ocrx_word' id='word_1_405' title='bbox 1765 4043 1915 4137; x_wconf 78' lang='grc' dir='ltr'>ίμιῖχοντο</span> 
     </span>
    </p>

    <p class='ocr_par' dir='ltr' id='par_1_27' title="bbox 1160 4147 1915 4336">
     <span class='ocr_line' id='line_1_71' title="bbox 1160 4147 1915 4246; baseline -0.005 -25"><span class='ocrx_word' id='word_1_406' title='bbox 1160 4147 1181 4222; x_wconf 83' lang='lat'>5</span> <span class='ocrx_word' id='word_1_407' title='bbox 1207 4152 1275 4246; x_wconf 89' lang='grc' dir='ltr'>περὶ</span> <span class='ocrx_word' id='word_1_408' title='bbox 1300 4160 1364 4231; x_wconf 86' lang='grc' dir='ltr'>τοῖς</span> <span class='ocrx_word' id='word_1_409' title='bbox 1392 4152 1540 4245; x_wconf 87' lang='grc' dir='ltr'>στόμασιν</span> <span class='ocrx_word' id='word_1_410' title='bbox 1566 4161 1628 4218; x_wconf 85' lang='grc' dir='ltr'>τῶν</span> <span class='ocrx_word' id='word_1_411' title='bbox 1656 4150 1841 4244; x_wconf 76' lang='grc' dir='ltr'>ἀνθρώπων,</span> <span class='ocrx_word' id='word_1_412' title='bbox 1862 4152 1915 4217; x_wconf 80' lang='lat' dir='ltr'>iss·</span> 
     </span>
     <span class='ocr_line' id='line_1_72' title="bbox 1553 4250 1914 4336; baseline 0 -13"><span class='ocrx_word' id='word_1_413' title='bbox 1553 4250 1715 4324; x_wconf 70' lang='lat' dir='ltr'>rstioocat*</span> <span class='ocrx_word' id='word_1_414' title='bbox 1730 4256 1914 4336; x_wconf 88' lang='grc' dir='ltr'>καταπίνειν,</span> 
     </span>
    </p>

    <p class='ocr_par' dir='ltr' id='par_1_28' title="bbox 1207 4354 1916 4543">
     <span class='ocr_line' id='line_1_73' title="bbox 1207 4354 1916 4455; baseline -0.004 -24"><span class='ocrx_word' id='word_1_415' title='bbox 1207 4364 1234 4431; x_wconf 85' lang='grc' dir='ltr'>εἴ</span> <span class='ocrx_word' id='word_1_416' title='bbox 1249 4391 1282 4430; x_wconf 91' lang='grc' dir='ltr'>τι</span> <span class='ocrx_word' id='word_1_417' title='bbox 1297 4370 1411 4455; x_wconf 81' lang='grc' dir='ltr'>φιλοῖεν</span> <span class='ocrx_word' id='word_1_418' title='bbox 1433 4360 1489 4440; x_wconf 78' lang='grc' dir='ltr'>τὰς</span> <span class='ocrx_word' id='word_1_419' title='bbox 1504 4364 1706 4440; x_wconf 81' lang='grc' dir='ltr'>λευκοτάτας·</span> <span class='ocrx_word' id='word_1_420' title='bbox 1721 4362 1752 4429; x_wconf 88' lang='grc' dir='ltr'>οἱ</span> <span class='ocrx_word' id='word_1_421' title='bbox 1771 4354 1802 4428; x_wconf 76' lang='grc' dir='ltr'>δ’</span> <span class='ocrx_word' id='word_1_422' title='bbox 1824 4359 1916 4455; x_wconf 79' lang='grc' dir='ltr'>ἰχθύες</span> 
     </span>
     <span class='ocr_line' id='line_1_74' title="bbox 1683 4458 1915 4543; baseline -0.004 -8"><span class='ocrx_word' id='word_1_423' title='bbox 1683 4458 1915 4543; x_wconf 72' lang='grc' dir='ltr'>οἵκαδ“”ἰόντες</span> 
     </span>
    </p>

    <p class='ocr_par' dir='ltr' id='par_1_29' title="bbox 1210 4568 1915 4771">
     <span class='ocr_line' id='line_1_75' title="bbox 1210 4568 1915 4674; baseline -0.001 -33"><span class='ocrx_word' id='word_1_424' title='bbox 1210 4570 1395 4651; x_wconf 75' lang='grc' dir='ltr'>ἐξοπτῶντες</span> <span class='ocrx_word' id='word_1_425' title='bbox 1410 4578 1487 4665; x_wconf 82' lang='grc' dir='ltr'>σφοῖς</span> <span class='ocrx_word' id='word_1_426' title='bbox 1503 4576 1611 4651; x_wconf 82' lang='grc' dir='ltr'>αὐτοὺς</span> <span class='ocrx_word' id='word_1_427' title='bbox 1628 4569 1664 4639; x_wconf 77' lang='grc' dir='ltr'>ἃν</span> <span class='ocrx_word' id='word_1_428' title='bbox 1681 4568 1854 4674; x_wconf 63' lang='grc' dir='ltr'>παρέκειντ’</span> <span class='ocrx_word' id='word_1_429' title='bbox 1868 4571 1915 4640; x_wconf 76' lang='grc' dir='ltr'>ἐπὶ</span> 
     </span>
     <span class='ocr_line' id='line_1_76' title="bbox 1459 4672 1913 4771; baseline 0.004 -27"><span class='ocrx_word' id='word_1_430' title='bbox 1459 4740 1462 4744; x_wconf 88' lang='grc'><strong>,</strong></span> <span class='ocrx_word' id='word_1_431' title='bbox 1643 4687 1727 4746; x_wconf 80' lang='grc' dir='ltr'>ταῖσι</span> <span class='ocrx_word' id='word_1_432' title='bbox 1742 4672 1913 4771; x_wconf 73' lang='grc' dir='ltr'>τραπέζαις.</span> 
     </span>
    </p>

    <p class='ocr_par' dir='ltr' id='par_1_30' title="bbox 1205 4776 1914 4983">
     <span class='ocr_line' id='line_1_77' title="bbox 1205 4776 1914 4878; baseline -0.006 -25"><span class='ocrx_word' id='word_1_433' title='bbox 1205 4787 1315 4877; x_wconf 86' lang='grc' dir='ltr'>Ζωμοῦ</span> <span class='ocrx_word' id='word_1_434' title='bbox 1330 4776 1361 4849; x_wconf 79' lang='grc' dir='ltr'>δ’</span> <span class='ocrx_word' id='word_1_435' title='bbox 1383 4785 1458 4877; x_wconf 78' lang='grc' dir='ltr'>ἔρρει</span> <span class='ocrx_word' id='word_1_436' title='bbox 1476 4781 1557 4878; x_wconf 73' lang='grc' dir='ltr'>παρὰ</span> <span class='ocrx_word' id='word_1_437' title='bbox 1573 4781 1627 4862; x_wconf 71' lang='grc' dir='ltr'>τὰς</span> <span class='ocrx_word' id='word_1_438' title='bbox 1652 4784 1756 4862; x_wconf 83' lang='grc' dir='ltr'>κλίνας</span> <span class='ocrx_word' id='word_1_439' title='bbox 1780 4783 1914 4875; x_wconf 80' lang='grc' dir='ltr'>ποταμός</span> 
     </span>
     <span class='ocr_line' id='line_1_78' title="bbox 1554 4881 1913 4983; baseline 0 -28"><span class='ocrx_word' id='word_1_440' title='bbox 1554 4892 1626 4983; x_wconf 80' lang='grc' dir='ltr'>κρία</span> <span class='ocrx_word' id='word_1_441' title='bbox 1641 4886 1734 4982; x_wconf 75' lang='grc' dir='ltr'>θερμὰ</span> <span class='ocrx_word' id='word_1_442' title='bbox 1750 4881 1913 4956; x_wconf 76' lang='grc' dir='ltr'>κυλίνδων·</span> 
     </span>
    </p>

    <p class='ocr_par' dir='ltr' id='par_1_31' title="bbox 1204 4986 1914 5200">
     <span class='ocr_line' id='line_1_79' title="bbox 1204 4986 1914 5090; baseline -0.001 -27"><span class='ocrx_word' id='word_1_443' title='bbox 1204 4994 1456 5090; x_wconf 77' lang='grc' dir='ltr'>ὑποτριμματίων</span> <span class='ocrx_word' id='word_1_444' title='bbox 1471 4986 1502 5061; x_wconf 80' lang='grc' dir='ltr'>δ’</span> <span class='ocrx_word' id='word_1_445' title='bbox 1518 4995 1622 5087; x_wconf 85' lang='grc' dir='ltr'>ὀχετοὶ</span> <span class='ocrx_word' id='word_1_446' title='bbox 1637 4997 1755 5062; x_wconf 85' lang='grc' dir='ltr'>τούτων</span> <span class='ocrx_word' id='word_1_447' title='bbox 1771 4999 1839 5073; x_wconf 86' lang='grc' dir='ltr'>τοῖς</span> <span class='ocrx_word' id='word_1_448' title='bbox 1855 4995 1914 5080; x_wconf 56' lang='grc' dir='ltr'>βα)</span> 
     </span>
     <span class='ocr_line' id='line_1_80' title="bbox 1262 5093 1913 5200; baseline -0.002 -40"><span class='ocrx_word' id='word_1_449' title='bbox 1262 5107 1265 5112; x_wconf 88' lang='grc'><strong>’</strong></span> <span class='ocrx_word' id='word_1_450' title='bbox 1590 5093 1748 5200; x_wconf 78' lang='grc' dir='ltr'>λομένοιφι</span> <span class='ocrx_word' id='word_1_451' title='bbox 1767 5095 1913 5188; x_wconf 75' lang='grc' dir='ltr'>παρῆσαν,</span> 
     </span>
    </p>
   </div>
   <div class='ocr_carea' id='block_1_22' title="bbox 1146 5273 1914 6397">
    <p class='ocr_par' dir='ltr' id='par_1_32' title="bbox 1181 5273 1914 5788">
     <span class='ocr_line' id='line_1_81' title="bbox 1185 5273 1914 5349; baseline -0.001 -16"><span class='ocrx_word' id='word_1_452' title='bbox 1185 5274 1359 5349; x_wconf 83' lang='lat' dir='ltr'>Parquidem</span> <span class='ocrx_word' id='word_1_453' title='bbox 1369 5277 1491 5348; x_wconf 87' lang='lat' dir='ltr'>primum</span> <span class='ocrx_word' id='word_1_454' title='bbox 1501 5274 1625 5332; x_wconf 89' lang='lat' dir='ltr'>omnium</span> <span class='ocrx_word' id='word_1_455' title='bbox 1634 5273 1853 5349; x_wconf 73' lang='lat' dir='ltr'>luitvelutsqua</span> <span class='ocrx_word' id='word_1_456' title='bbox 1863 5289 1914 5332; x_wconf 88' lang='lat' dir='ltr'>ms·</span> 
     </span>
     <span class='ocr_line' id='line_1_82' title="bbox 1678 5361 1912 5432; baseline 0.013 -13"><span class='ocrx_word' id='word_1_457' title='bbox 1678 5363 1736 5432; x_wconf 88' lang='lat' dir='ltr'>[nui</span> <span class='ocrx_word' id='word_1_458' title='bbox 1745 5361 1912 5432; x_wconf 71' lang='grc' dir='ltr'>(Ιειιιιόιεὶς</span> 
     </span>
     <span class='ocr_line' id='line_1_83' title="bbox 1181 5446 1913 5523; baseline 0 -15"><span class='ocrx_word' id='word_1_459' title='bbox 1181 5457 1255 5508; x_wconf 82' lang='lat' dir='ltr'>terra</span> <span class='ocrx_word' id='word_1_460' title='bbox 1263 5456 1355 5506; x_wconf 86' lang='lat' dir='ltr'>autem</span> <span class='ocrx_word' id='word_1_461' title='bbox 1364 5447 1433 5505; x_wconf 88' lang='lat' dir='ltr'>nihil</span> <span class='ocrx_word' id='word_1_462' title='bbox 1444 5446 1624 5506; x_wconf 89' lang='lat' dir='ltr'>metuendum</span> <span class='ocrx_word' id='word_1_463' title='bbox 1632 5448 1772 5523; x_wconf 75' lang='lat' dir='ltr'>gignebat,</span> <span class='ocrx_word' id='word_1_464' title='bbox 1781 5462 1913 5508; x_wconf 85' lang='grc' dir='ltr'>ιιεευιοε·</span> 
     </span>
     <span class='ocr_line' id='line_1_84' title="bbox 1369 5536 1912 5610; baseline -0.006 -16"><span class='ocrx_word' id='word_1_465' title='bbox 1369 5538 1448 5607; x_wconf 72' lang='lat' dir='ltr'>[bos.</span> <span class='ocrx_word' id='word_1_466' title='bbox 1460 5536 1509 5594; x_wconf 87' lang='lat' dir='ltr'>sed</span> <span class='ocrx_word' id='word_1_467' title='bbox 1520 5544 1617 5610; x_wconf 85' lang='lat' dir='ltr'>sponte</span> <span class='ocrx_word' id='word_1_468' title='bbox 1625 5536 1912 5597; x_wconf 74' lang='lat' dir='ltr'>adorantneeeuaris.</span> 
     </span>
     <span class='ocr_line' id='line_1_85' title="bbox 1182 5625 1914 5699; baseline 0.01 -22"><span class='ocrx_word' id='word_1_469' title='bbox 1182 5627 1254 5683; x_wconf 88' lang='lat' dir='ltr'>vino</span> <span class='ocrx_word' id='word_1_470' title='bbox 1274 5628 1348 5684; x_wconf 88' lang='lat' dir='ltr'>enim</span> <span class='ocrx_word' id='word_1_471' title='bbox 1363 5625 1467 5684; x_wconf 84' lang='lat' dir='ltr'>fluebat</span> <span class='ocrx_word' id='word_1_472' title='bbox 1488 5634 1613 5695; x_wconf 86' lang='lat' dir='ltr'>torrens,</span> <span class='ocrx_word' id='word_1_473' title='bbox 1632 5641 1773 5697; x_wconf 70' lang='lat' dir='ltr'>maraque</span> <span class='ocrx_word' id='word_1_474' title='bbox 1785 5641 1853 5684; x_wconf 83' lang='lat' dir='ltr'>eum</span> <span class='ocrx_word' id='word_1_475' title='bbox 1871 5640 1914 5699; x_wconf 71' lang='lat' dir='ltr'>pa</span> 
     </span>
     <span class='ocr_line' id='line_1_86' title="bbox 1648 5711 1914 5788; baseline -0.008 -15"><span class='ocrx_word' id='word_1_476' title='bbox 1648 5712 1744 5783; x_wconf 86' lang='lat' dir='ltr'>[nibus</span> <span class='ocrx_word' id='word_1_477' title='bbox 1759 5711 1914 5788; x_wconf 76' lang='lat' dir='ltr'>pugnabant</span> 
     </span>
    </p>

    <p class='ocr_par' dir='ltr' id='par_1_33' title="bbox 1146 5801 1912 6044">
     <span class='ocr_line' id='line_1_87' title="bbox 1146 5801 1856 5874; baseline 0.001 -16"><span class='ocrx_word' id='word_1_478' title='bbox 1146 5808 1164 5858; x_wconf 79' lang='lat'>5</span> <span class='ocrx_word' id='word_1_479' title='bbox 1181 5801 1216 5859; x_wconf 87' lang='lat' dir='ltr'>de</span> <span class='ocrx_word' id='word_1_480' title='bbox 1228 5801 1324 5859; x_wconf 88' lang='lat' dir='ltr'>oribus</span> <span class='ocrx_word' id='word_1_481' title='bbox 1338 5803 1473 5867; x_wconf 80' lang='lat' dir='ltr'>urorum.</span> <span class='ocrx_word' id='word_1_482' title='bbox 1488 5808 1616 5874; x_wconf 80' lang='lat' dir='ltr'>rogantes</span> <span class='ocrx_word' id='word_1_483' title='bbox 1625 5809 1658 5859; x_wconf 93' lang='lat' dir='ltr'>ut</span> <span class='ocrx_word' id='word_1_484' title='bbox 1668 5817 1698 5859; x_wconf 88' lang='lat' dir='ltr'>se</span> <span class='ocrx_word' id='word_1_485' title='bbox 1712 5801 1856 5872; x_wconf 83' lang='lat' dir='ltr'>inderent,</span> 
     </span>
     <span class='ocr_line' id='line_1_88' title="bbox 1180 5885 1911 5962; baseline 0.003 -17"><span class='ocrx_word' id='word_1_486' title='bbox 1180 5888 1202 5945; x_wconf 89' lang='lat' dir='ltr'>si</span> <span class='ocrx_word' id='word_1_487' title='bbox 1211 5887 1280 5945; x_wconf 82' lang='lat' dir='ltr'>torto</span> <span class='ocrx_word' id='word_1_488' title='bbox 1292 5887 1486 5945; x_wconf 83' lang='lat' dir='ltr'>candidissima</span> <span class='ocrx_word' id='word_1_489' title='bbox 1497 5896 1634 5957; x_wconf 80' lang='lat' dir='ltr'>amarent3</span> <span class='ocrx_word' id='word_1_490' title='bbox 1645 5889 1791 5962; x_wconf 79' lang='lat' dir='ltr'>piscesque</span> <span class='ocrx_word' id='word_1_491' title='bbox 1799 5885 1911 5946; x_wconf 78' lang='grc' dir='ltr'>ιίοιιιιιυ</span> 
     </span>
     <span class='ocr_line' id='line_1_89' title="bbox 1772 5973 1912 6044; baseline 0 -12"><span class='ocrx_word' id='word_1_492' title='bbox 1772 5973 1912 6044; x_wconf 75' lang='grc' dir='ltr'>[συνιεῖσα</span> 
     </span>
    </p>

    <p class='ocr_par' dir='ltr' id='par_1_34' title="bbox 1181 6061 1745 6135">
     <span class='ocr_line' id='line_1_90' title="bbox 1181 6061 1745 6135; baseline -0.002 -17"><span class='ocrx_word' id='word_1_493' title='bbox 1181 6062 1271 6135; x_wconf 88' lang='lat' dir='ltr'>seipsi</span> <span class='ocrx_word' id='word_1_494' title='bbox 1284 6070 1405 6119; x_wconf 85' lang='lat' dir='ltr'>assantes</span> <span class='ocrx_word' id='word_1_495' title='bbox 1415 6061 1577 6135; x_wconf 85' lang='lat' dir='ltr'>adjacebant</span> <span class='ocrx_word' id='word_1_496' title='bbox 1589 6063 1619 6118; x_wconf 90' lang='lat' dir='ltr'>in</span> <span class='ocrx_word' id='word_1_497' title='bbox 1633 6062 1745 6119; x_wconf 86' lang='lat' dir='ltr'>mensis.</span> 
     </span>
    </p>

    <p class='ocr_par' dir='ltr' id='par_1_35' title="bbox 1181 6147 1910 6304">
     <span class='ocr_line' id='line_1_91' title="bbox 1181 6147 1910 6221; baseline 0.003 -18"><span class='ocrx_word' id='word_1_498' title='bbox 1181 6148 1288 6206; x_wconf 82' lang='lat' dir='ltr'>Jsssculi</span> <span class='ocrx_word' id='word_1_499' title='bbox 1308 6156 1400 6205; x_wconf 88' lang='lat' dir='ltr'>autem</span> <span class='ocrx_word' id='word_1_500' title='bbox 1427 6148 1528 6205; x_wconf 81' lang='lat' dir='ltr'>cubilia</span> <span class='ocrx_word' id='word_1_501' title='bbox 1548 6148 1791 6221; x_wconf 80' lang='lat' dir='ltr'>eirmmstrepehat</span> <span class='ocrx_word' id='word_1_502' title='bbox 1812 6147 1910 6205; x_wconf 79' lang='lat' dir='ltr'>numu</span> 
     </span>
     <span class='ocr_line' id='line_1_92' title="bbox 1549 6233 1909 6304; baseline 0.014 -12"><span class='ocrx_word' id='word_1_503' title='bbox 1549 6239 1662 6304; x_wconf 83' lang='lat' dir='ltr'>[carnes</span> <span class='ocrx_word' id='word_1_504' title='bbox 1676 6233 1777 6292; x_wconf 85' lang='lat' dir='ltr'>calidas</span> <span class='ocrx_word' id='word_1_505' title='bbox 1788 6234 1909 6297; x_wconf 77' lang='lat' dir='ltr'>volvens·</span> 
     </span>
    </p>

    <p class='ocr_par' dir='ltr' id='par_1_36' title="bbox 1182 6323 1844 6397">
     <span class='ocr_line' id='line_1_93' title="bbox 1182 6323 1844 6397; baseline 0.003 -17"><span class='ocrx_word' id='word_1_506' title='bbox 1182 6329 1212 6381; x_wconf 89' lang='lat' dir='ltr'>et</span> <span class='ocrx_word' id='word_1_507' title='bbox 1223 6323 1381 6381; x_wconf 87' lang='lat' dir='ltr'>intritorum</span> <span class='ocrx_word' id='word_1_508' title='bbox 1395 6324 1445 6381; x_wconf 83' lang='lat' dir='ltr'>rivi</span> <span class='ocrx_word' id='word_1_509' title='bbox 1459 6324 1633 6397; x_wconf 84' lang='lat' dir='ltr'>cupientibus</span> <span class='ocrx_word' id='word_1_510' title='bbox 1645 6324 1844 6394; x_wconf 82' lang='lat' dir='ltr'>occurrebant,</span> 
     </span>
    </p>
   </div>
   <div class='ocr_carea' id='block_1_23' title="bbox 0 0 2046 8007">
    <p class='ocr_par' dir='ltr' id='par_1_37' title="bbox 0 0 2046 8007">
     <span class='ocr_line' id='line_1_94' title="bbox 0 0 2046 8007; baseline 0 0"><span class='ocrx_word' id='word_1_511' title='bbox 0 0 2046 8007; x_wconf 95' lang='lat' dir='ltr'> </span> 
     </span>
    </p>
   </div>
  </div>
 </body>
</html>
