4084 8009
1719 1470 2299 1532 ANONYMORUM.

1092 1605 1113 1626 ⁶
1154 1605 1285 1660 302.

496 1736 665 1806 Plut.,
688 1733 866 1793 Praec.
899 1735 1146 1811 reipubl.
1180 1735 1390 1791 admin.
1419 1754 1475 1809 p.
1504 1737 1641 1807 807,
1667 1738 1711 1791 B
1744 1753 1758 1794 ε
1789 1732 1982 1814 τραχὺς
2016 1743 2017 1746 ’

3515 1478 3612 1525 751

2791 1601 2920 1666 304.

2152 1712 2339 1782 Idem,
2372 1715 2455 1769 De
2495 1730 2785 1771 commun.
2826 1712 3018 1767 notitt.
3050 1730 3109 1785 p.
3152 1730 3323 1781 1071,
3351 1711 3399 1769 D
3433 1729 3445 1768 :
3483 1708 3638 1786 ὅμοια

414 1821 491 1881 ὧν
543 1822 794 1899 (Κλέων)
833 1821 964 1900 πρὸς
1012 1820 1127 1887 τοὺς
1169 1824 1413 1887 ἐπιεικεῖς
1475 1823 1562 1879 καὶ
1612 1821 1800 1903 βαρὺς,
1841 1813 1985 1888 αὖθις
2018 1808 2022 1817 ’
2070 1799 2290 1877 ληρθῧσῑ
2316 1800 2392 1877 τῷ
2418 1798 2624 1873 λέγωντι

415 1909 645 1969 ὑπὲὅαλε
675 1916 783 1975 τοῖς
809 1912 1017 1975 πολλοῖς
1043 1909 1172 1988 πρὸς
1193 1908 1350 1987 χάριν
1381 1909 1563 1968 ἑαυτὸν

516 2021 985 2140 Γερονταγωγῶν
1013 2047 1507 2139 κάναμισθαρνεῖν
1539 2038 1768 2124 διδούς.

420 2194 597 2268 Idem,
622 2199 683 2252 V.
704 2197 876 2252 Niciae
903 2212 1028 2271 cap.
1052 2212 1083 2248 α
1111 2211 1127 2251 ε
1148 2192 1300 2270 ἴσχυε
1328 2191 1427 2268 μίν
1448 2191 1550 2270 γὰρ
1571 2196 1599 2251 ὃ
1620 2190 1807 2251 Κλέων
1827 2188 1986 2267 μέγα,

416 2284 822 2360 γερονταγωγῶν
842 2279 932 2338 καὶ
961 2280 1363 2357 ἀναμισθαρνεῖν
1386 2278 1573 2346 διδούς.
1594 2281 1828 2355 Ubique
1860 2297 1982 2335 ma-

420 2372 519 2425 lim
546 2367 826 2425 infinitivo
847 2373 1277 2447 γερονταγωγεῖν.

1094 2488 1146 2512 *¹*
1174 2490 1313 2550 303.

453 2604 463 2613 ’
504 2618 656 2675 thid.
677 2637 740 2693 p.
776 2617 843 2675 81
862 2638 884 2674 1
907 2659 924 2688 ,
956 2621 1002 2675 F
1026 2639 1039 2675 ε
1074 2616 1220 2677 οὐδὲν
1255 2609 1345 2678 οὗν
1371 2617 1560 2678 τούτου
1588 2618 1919 2699 διαφέρουσιν
1941 2618 1989 2677 οἱ

420 2705 550 2784 πρὸς
563 2713 741 2764 πᾶσαν
750 2704 1102 2783 ἀποδυόμενοι
1109 2704 1382 2778 πολιτικὴν
1397 2705 1609 2786 πρᾶξιν,
1627 2706 1761 2765 ἀλλὰ
1784 2711 1991 2765 ποιοῦσι

426 2792 693 2870 μεμπτοὺς
714 2792 922 2859 ἑαυτοὺς
931 2802 1039 2863 τοῖς
1056 2796 1294 2869 πολλοῖς,
1311 2796 1555 2874 ἐπαχθεῖς
1579 2816 1634 2852 τε
1652 2792 1882 2872 γίνονται
1901 2794 1991 2853 καὶ

424 2885 795 2964 κατορθοῦντες
826 2882 1087 2963 ἐπίφθονοι
1104 2928 1120 2955 ,
1143 2880 1244 2942 κᾶν
1281 2886 1548 2963 σφαλῶσιν
1572 2883 1879 2962 ἐπίχαρτοι,
1900 2882 1990 2943 καὶ

424 2970 487 3029 τὸ
528 2971 918 3046 θαυμαζόμενον
957 2973 1130 3031 αὐτῶν
1164 2973 1218 3029 ἕν
1259 2974 1401 3051 ἀρχῇ
1437 2974 1534 3042 τῆς
1572 2972 1876 3050 ἐπιμελείας
1922 2974 1994 3038 εἷς

425 3058 725 3138 χλευασμὸν
761 3059 1035 3117 ὑπονοστεῖ
1062 3058 1153 3117 καὶ
1182 3058 1408 3136 γέλωτα.
1441 3065 1673 3118 τοιοῦτον

524 3203 843 3299 Μητίοχος
878 3208 986 3298 μὲν
1017 3203 1133 3298 γὰρ
1164 3216 1527 3301 στρατηγεῖ,
1566 3210 1888 3301 Μητίοχος
1925 3203 1991 3276 δὲ

1639 3312 1749 3390 τὰς
1777 3306 1950 3392 ὀδοὺς
1972 3365 1990 3399 ,

528 3416 846 3509 Μητίοχος
902 3407 961 3480 δ’
1016 3414 1224 3509 ἄρτους
1270 3421 1525 3505 ἐπωπᾷ,
1578 3421 1882 3510 Μητίοχος
1926 3413 1995 3488 δὲ

1692 3521 1997 3618 τᾶλφιτα,

528 3625 838 3720 Μητίοχος
868 3620 933 3694 δὲ
966 3630 1087 3693 πᾶν
1106 3636 1379 3694 ποιεῖται
1397 3679 1415 3712 ,
1464 3628 1778 3723 Μητίοχος
1816 3623 1878 3697 δ’
1909 3632 1995 3697 οἰ-

1699 3734 1990 3829 μώξεται.

432 3892 535 3947 τῶν
570 3888 881 3969 Περικλέους
908 3881 1054 3955 οὗτος
1087 3880 1159 3957 εἷς
1187 3884 1251 3963 ἦν
1283 3894 1528 3973 ἑταίρων,
1573 3902 1640 3976 τῇ
1674 3898 1738 3956 δι’
1782 3904 2000 3981 ἐκεῖνον,

432 3984 505 4045 ὡς
533 3979 665 4038 ἔοικε
679 4023 695 4050 ,
720 3979 941 4054 δυνάμει
960 4004 999 4059 χ
1003 3977 1230 4059 ρώμενος
1249 3982 1536 4064 ἐπιφθόνως
1557 3989 1646 4046 καὶ
1666 3991 1993 4073 κατακόρως.

435 4092 460 4114 ο
493 4068 781 4125 Notissimi
810 4079 940 4123 sunt
982 4088 1126 4143 quos
1161 4072 1378 4145 primus
1422 4075 1704 4133 Porsonus
1742 4080 1796 4133 in
1836 4083 1997 4155 praef.

434 4155 686 4212 flecubae
729 4173 785 4231 p.
817 4174 959 4212 xxiv
999 4176 1132 4213 cum
1188 4160 1274 4215 his
1319 4163 1616 4219 contendit
1664 4167 1990 4227 Archilochi

433 4256 626 4298 versus

423 4385 435 4397 '
518 4386 633 4447 Νῦν
676 4382 733 4444 δὲ
783 4384 1051 4466 Λεώφιλος
1091 4384 1189 4463 μὲν
1243 4386 1432 4469 ἄρχει,
1482 4391 1751 4474 Αεώφιλος
1794 4397 1846 4455 δ’
1893 4398 2002 4456 ἔπι·

1796 4494 1978 4564 κρατεῖ
1989 4531 2005 4561 ,

520 4559 778 4640 Δεωφίλῳ
805 4560 862 4619 δὲ
889 4561 1061 4620 πάντα
1092 4570 1260 4622 κεῖται
1277 4608 1294 4637 ,
1320 4565 1596 4646 Λεωφίλου
1621 4568 1668 4626 δ’
1694 4571 1959 4633 ἀκούεται.

439 4696 654 4750 Veteris
675 4693 888 4750 Comici
911 4693 1038 4751 illos
1057 4714 1246 4753 versus
1269 4717 1412 4767 esse,
1442 4698 1592 4755 idem
1621 4715 1774 4760 recte
1793 4710 2005 4766 statuit.

437 4781 777 4856 Quanquam
807 4799 914 4839 nec
954 4786 1409 4859 improbabiliter
1437 4789 1831 4867 Bernhardyus
1865 4799 2005 4858 Hist.

436 4871 545 4926 litt.
575 4889 745 4945 graec.
773 4890 834 4945 p.
871 4871 974 4941 53,
1004 4891 1111 4947 pro
1166 4876 1432 4949 populari
1495 4882 1773 4938 cantilena
1805 4885 2005 4958 habet,
2048 4875 2049 4896 ¹

441 4953 727 5031 qualibus,
749 4961 1057 5034 praesertim
1071 4964 1512 5035 contumeliosis,
1540 4969 1813 5027 trochaici
1838 4984 2005 5031 tetra-

442 5045 609 5101 metri
637 5056 695 5102 et
720 5048 990 5121 aptissimi
1031 5061 1193 5123 sunt,
1225 5062 1281 5106 et
1306 5050 1588 5127 frequenti
1609 5076 1712 5112 usu
1735 5059 1892 5118 fuere
1921 5074 2004 5119 at·

443 5135 762 5206 temperati.
790 5137 874 5191 De
905 5136 1190 5193 Metiocho
1222 5140 1314 5195 vel
1347 5141 1627 5214 Meficho,
1673 5146 1902 5205 Periclis
1930 5150 2005 5208 fa·

442 5221 685 5291 miliari,
734 5222 1055 5298 eodemque
1106 5225 1416 5284 architecto
1436 5271 1453 5299 ‚
1519 5230 1651 5288 vide
1709 5236 2005 5311 Bergkium

441 5309 787 5368 Commentt.
821 5328 881 5385 p.
921 5330 941 5366 ι
961 5331 1012 5380 1,
1039 5324 1095 5368 et
1113 5313 1472 5376 Schoemann.
1494 5319 1579 5375 De
1613 5324 1795 5379 sortit.
1822 5324 2005 5398 judic.

444 5413 509 5469 p.
547 5403 643 5460 40.
674 5400 741 5457 V.
784 5418 807 5454 ι
853 5398 954 5477 γὰρ
996 5399 1255 5458 additum
1295 5424 1326 5460 a
1356 5407 1629 5466 Porson0.
1653 5413 1720 5471 V.
1763 5432 1796 5469 2
1831 5416 2005 5475 codd.

445 5481 681 5564 ἕποπτᾷ,
710 5487 873 5560 quod
914 5507 1032 5545 non
1057 5489 1259 5548 dubito
1299 5496 1439 5567 quin
1465 5511 1801 5574 corruptum
1829 5506 1922 5562 sit.
1963 5531 1986 5555 »

444 5571 622 5632 Mein.
652 5576 860 5631 Verum
879 5576 1033 5634 haud
1054 5578 1229 5636 dubie
1244 5580 1451 5661 ἐπωπᾷ,
1467 5588 1708 5644 verbum
1726 5602 1924 5648 notum
1942 5613 2005 5651 ex
2043 5628 2044 5631 =

447 5660 735 5736 AEschylo,
771 5672 827 5719 et
849 5684 908 5744 ν.
943 5664 976 5721 3
1006 5669 1205 5742 scripsi
1231 5665 1338 5727 πᾶν
1363 5680 1592 5733 ποιεῖται
1617 5697 1724 5751 pro
1748 5678 1918 5736 πάντα
1949 5705 2005 5743 π.

448 5779 698 5789 ”—

948 5787 1078 5795 ——-
1098 5788 1169 5795 —-
1183 5789 1465 5800 --—--—.—-

448 5910 645 5966 Senem
673 5914 789 5979 (se)
809 5912 1010 5973 ducere
1037 5924 1091 5973 et
1113 5838 1305 5975 moggi-i
1329 5922 1659 5992 permittens.

1176 6010 1301 6062 303.

454 6084 764 6142 Metiochus
792 6088 936 6144 enim
967 6089 1077 6148 dux
1095 6100 1212 6159 est,
1243 6102 1298 6151 et
1326 6095 1634 6153 Metioclms
1663 6100 1806 6166 vias,

460 6171 759 6228 Metiochos
786 6189 953 6245 panes
979 6186 1129 6234 curat
1150 6220 1166 6245 ‚
1198 6180 1509 6239 Metiochus
1540 6184 1810 6254 polentam
1830 6227 1844 6251 ,

2174 1898 2543 1988 Δειπνῶμεν,
2573 1900 2673 1963 ἵνα
2691 1898 2949 1988 θύωμεν,
2984 1897 3084 1961 ἵνα
3107 1896 3444 1987 λουώμεθα.

2753 2007 2804 2029 “””
2842 2008 2976 2066 305.

2155 2104 2338 2179 Idem,
2361 2104 2490 2163 Non
2508 2123 2674 2180 posse
2695 2123 2852 2163 suav.
2886 2106 3001 2159 vivi
3023 2114 3131 2162 etc.
3154 2122 3217 2179 p.
3252 2102 3483 2177 1098AE
3512 2123 3525 2159 z
3555 2102 3647 2161 καὶ

2075 2192 2177 2270 γὰρ
2206 2194 2253 2251 οἱ
2275 2191 2613 2271 θεράποντες,
2635 2190 2758 2251 ὅταν
2784 2191 2981 2272 Κρόνια
3007 2191 3314 2266 δειπνῶσιν,
3335 2188 3370 2259 ἢ
3399 2190 3647 2250 Διονύσια

2076 2282 2194 2338 κατ’
2228 2279 2385 2358 ἀγρὸν
2419 2278 2587 2357 ἄγωσι
2605 2324 2623 2355 ,
2654 2279 2970 2358 περιιόντες,
2992 2282 3087 2338 οὐκ
3113 2276 3176 2337 ἂν
3207 2278 3379 2334 αὐτῶν
3405 2279 3492 2336 τὸν
3523 2278 3646 2337 ὀλο-

2078 2367 2276 2444 λυγμὸν
2296 2366 2603 2442 ὑπομείναις
2641 2366 2840 2426 καὶτὸν
2873 2366 3111 2445 θόρυὸον,
3138 2365 3240 2425 ὑπὸ
3260 2369 3530 2445 χαρμονῆς
3558 2367 3647 2425 καὶ

2079 2454 2453 2527 ἀπειροκαλίας
2471 2457 2685 2512 τοιαῦτα
2715 2453 3002 2512 ποιούντων
3029 2453 3120 2510 καὶ
3144 2451 3526 2533 φθεγγομένων·

2184 2596 2218 2632 α
2250 2566 2331 2634 Τί
2358 2566 2465 2634 καὶ
2492 2567 2689 2661 κάθῃ
2728 2570 2993 2660 πίωμεν·
3031 2574 3096 2635 οὐ
3126 2567 3231 2634 καὶ
3261 2567 3429 2634 σιτία

2175 2674 2488 2768 πάρεστιν,
2522 2673 2571 2741 ὦ
2603 2668 2900 2760 δύστηνε;
2939 2681 3021 2767 μὴ
3052 2686 3257 2760 σαυτῷ
3285 2674 3508 2767 φθόνει.
3553 2705 3584 2735 »

2177 2780 2255 2846 Oi
2286 2772 2346 2844 δ’
2380 2781 2541 2858 εὐθὺς
2570 2779 2912 2866 ἠλάλαξαν,
2947 2784 3006 2846 ἐν
3042 2771 3106 2847 δ’
3143 2780 3409 2873 ἐκίρνατο

2176 2880 2358 2962 οἶνος·
2398 2887 2584 2977 φέρων
2612 2880 2680 2952 δὲ
2714 2888 3000 2979 στέφανον
3029 2885 3336 2978 ἀμφέθηκέ
3360 2912 3456 2963 τις
3476 2907 3489 2922 ·

2086 2982 2127 3057 5
2179 2995 2421 3082 ὑμνεῖτο
2470 2981 2529 3056 δ’
2563 2991 2824 3084 αἰσχρῶς
2864 2998 3071 3058 κλῶνα
3116 2992 3257 3085 πρὸς
3304 2992 3491 3058 καλὸν
3538 2984 3652 3057 δοί-

3510 3121 3654 3188 φνης

2180 3195 2212 3230 ⁴¹
2240 3206 2272 3267 ὀ
2297 3196 2509 3278 Φοῖὅος
2527 3204 2594 3267 οὐ
2618 3193 2939 3294 προσῳδά·
2967 3203 3079 3274 τήν
3112 3198 3167 3267 τ’
3203 3205 3473 3268 ἐναύλιον

2182 3307 2349 3372 ὠθῶν
2375 3332 2466 3383 τις
2496 3300 2781 3384 ἐξέκλαξε
2802 3310 3121 3399 σύγκοιτον
3142 3307 3342 3397 φίλην.

2086 3445 2109 3469 ιι
2141 3418 2231 3475 Ad
2266 3419 2657 3494 Aristophanis
2677 3420 2996 3495 Tagenistas
3026 3419 3144 3474 haec
3169 3418 3445 3476 referebat
3477 3421 3657 3494 Berg-

2082 3508 2211 3563 kius
2249 3509 2593 3566 Commentt.
2625 3527 2686 3583 p.
2725 3515 2858 3583 ¹94·
2895 3508 3026 3563 Non
3058 3509 3261 3563 veteris
3293 3508 3498 3563 comici
3540 3525 3659 3563 ver·

2088 3613 2181 3650 sus
2200 3614 2316 3650 esse
2334 3639 2354 3669 ,
2379 3597 2467 3652 vel
2488 3595 2633 3651 illud
2649 3592 2786 3671 κάθῃ
2805 3637 2823 3669 ,
2850 3594 3009 3670 quod
3029 3596 3219 3671 primo
3244 3614 3409 3652 versu
3430 3597 3657 3671 legitur,

2086 3684 2225 3739 mihi
2246 3683 2500 3740 indicare
2538 3682 2785 3739 videtur.
2826 3685 2891 3740 V.
2941 3702 2963 3739 1
3012 3682 3306 3758 legebatur
3325 3683 3379 3741 τί
3405 3682 3538 3761 κάθῃ
3570 3681 3661 3741 καὶ

2087 3768 2327 3846 πίωμεν,
2361 3770 2520 3843 quod
2548 3770 2792 3825 correxi.
2823 3769 3094 3845 Bergkius
3128 3768 3180 3825 τί
3214 3770 3348 3841 κάθῃ
3385 3768 3484 3839 σύ;
3527 3778 3657 3839 παῖ,

2087 3858 2309 3934 πίωμεν.
2333 3859 2486 3915 lbid.
2514 3860 2689 3933 vulgo
2720 3863 2863 3917 σῖτα.
2894 3857 2969 3917 V.
3001 3855 3034 3913 5
3067 3857 3284 3932 ὑμνεῖτο
3321 3856 3366 3913 δ’
3394 3858 3624 3935 αἰσχρῶς
3642 3899 3659 3926 ,

2042 3995 2043 4005 ,
2090 3953 2320 4022 turpiter
2372 3948 2712 4014 canebatur,
2764 3963 2883 4001 non
2939 3956 3082 4018 puto
3140 3956 3476 4021 corruptum
3522 3965 3659 4004 esse.

2089 4036 2359 4111 Bergkius
2380 4031 2530 4107 ὕμνει
2567 4031 2624 4089 δε’
2650 4052 2728 4096 τις
2751 4030 2982 4109 αἰσχρῶς
3000 4074 3017 4104 ,
3047 4043 3103 4087 et
3135 4052 3187 4089 v,
3220 4034 3255 4090 6
3286 4036 3359 4098 ὡς
3380 4030 3581 4100 Φοῖὸος
3604 4037 3665 4093 οὖ

2090 4119 2357 4199 προσῳδά.
2382 4121 2569 4178 Scolia
2593 4130 2651 4176 et
2667 4120 2872 4174 similes
2890 4120 3260 4175 cantiunculae
3282 4118 3397 4176 sere
3417 4140 3452 4177 a
3473 4123 3664 4197 primo

2091 4227 2281 4266 earum
2308 4210 2541 4266 nomine
2563 4207 3023 4284 appellabantur,
3051 4228 3106 4267 e.
3141 4229 3191 4269 c.
3217 4211 3520 4283 Telamon,
3545 4214 3664 4269 Bo-

2092 4314 2239 4371 reas,
2250 4298 2395 4355 alia.
2411 4298 2545 4354 Tale
2561 4296 2727 4354 fuisse
2740 4296 2968 4354 videtur
2984 4299 3154 4356 etiam
3165 4295 3385 4364 Φοῖὸος.
3396 4298 3478 4356 Οὐ
3490 4321 3658 4375 προσ-

2092 4382 2235 4462 ῳδά,
2277 4383 2682 4441 adverbialiter
2736 4404 2750 4441 ι
2791 4387 3169 4445 immodulate.
3222 4389 3367 4443 Tum
3421 4384 3663 4446 ἐναύλιον

2093 4490 2212 4528 esse
2238 4471 2465 4528 videtur
2504 4477 2562 4527 in
2585 4475 2836 4529 conclavi
2872 4493 2973 4530 suo
3004 4488 3337 4532 versantem.
3381 4473 3533 4554 (Ego
3565 4495 3665 4532 ve-

2093 4579 2227 4617 reor
2253 4578 2326 4617 ne
2347 4557 2715 4618 scribendum
2736 4563 2811 4617 sit
2838 4560 3050 4637 ὑμνεῖτο
3082 4561 3128 4619 δ’
3159 4594 3235 4607 -
3272 4551 3317 4621 ὦ
3347 4561 3531 4637 vote,
3566 4561 3665 4635 ὅστ’,

2094 4649 2153 4705 οὗ
2182 4645 2461 4726 προσῳδοίῑ
2510 4649 2705 4726 Both.)
2746 4652 2817 4707 V.
2867 4670 2897 4721 7
2927 4652 3243 4724 permirum
3280 4662 3363 4707 est
3409 4651 3667 4708 doricum

2096 4732 2355 4802 ἐξέκλαξε.
2379 4760 2402 4787 ιι
2431 4738 2611 4793 Mein.
2635 4737 2852 4811 Quidni
2870 4756 3213 4814 reponamus
3234 4736 3545 4815 ἐξέκλαγξεῖ
3571 4744 3668 4796 In-

2096 4825 2563 4901 ter-pretationem
2597 4827 2830 4884 latinam
2871 4826 3060 4883 adhuc
3089 4823 3466 4885 differendam
3500 4839 3665 4904 puto.

2814 4920 2949 4978 306.

2177 5013 2353 5083 ldcm,
2404 5015 2531 5071 Vita
2564 5015 2769 5075 Pericl.
2815 5035 2865 5073 c.
2909 5036 2941 5088 7
2993 5036 3011 5092 t·
3057 5012 3145 5096 ὑφ’
3182 5005 3245 5086 ἧς
3293 5014 3668 5093 (ἐλευθερίας),

2095 5096 2276 5180 ὥσπερ
2302 5096 2463 5159 ἵππον
2491 5099 2869 5179 ἐξυὸρίσαντα,
2895 5101 2986 5162 τὸν
3028 5103 3195 5179 δῆμον
3223 5105 3271 5161 οἱ
3302 5104 3673 5180 κωμῳδοποιοὶ

2095 5184 2304 5261 λέγουσι
2347 5191 2652 5267 πειθαρχεῖν
2699 5186 2875 5248 οὐκέτι
2902 5191 3126 5265 τολμᾶν,
3156 5190 3295 5250 ἀλλὰ
3328 5190 3531 5248 δάκνειν
3572 5190 3668 5260 τὴν

2097 5271 2328 5333 Εύὸοιαν
2352 5272 2444 5333 καὶ
2466 5283 2582 5342 ταῖς
2599 5273 2776 5346 νήσοις
2800 5278 3084 5348 ἐπιπηδᾶν.
3103 5282 3304 5335 Versus
3327 5281 3408 5335 sic
3430 5282 3673 5337 restituit

2100 5362 2343 5421 Meinek.
2369 5383 2384 5419 ε

2295 5499 2390 5508 -
2412 5455 2739 5554 &ineptam
2761 5463 3104 5555 πειθαρχεῖν
3123 5466 3324 5530 οὐκέτι
3354 5470 3590 5556 τολμᾷ,

2202 5562 2364 5630 ἀλλὰ
2404 5557 2689 5645 δακνάζει
2716 5575 2826 5642 τὴν
2861 5564 3142 5657 Εὕὸοιαν,
3179 5569 3280 5635 καὶ
3312 5579 3446 5648 ταῖς
3480 5579 3675 5649 νήσοις

3376 5672 3672 5766 ἑπιπηδᾷ.

1976 5803 2075 5811 -—..
2113 5806 2210 5812 ——-—
2223 5807 2232 5812 -
2283 5807 2428 5816 --·-—-—-

2836 5856 2959 5909 30⁴.

2121 5966 2432 6038 mmmmm·⁹
2462 5977 2527 6027 ut
2548 5972 2941 6043 castificemur,
2967 5983 3032 6032 ut
3058 5976 3316 6035 lavemus,

2832 6099 2940 6150 800

2102 6173 2447 6262 ’Superbiens
2471 6193 2691 6252 obedire
2712 6212 2824 6252 non
2844 6195 3010 6253 audet
3029 6198 3264 6270 amplius
3279 6242 3293 6265 ‚

462 6256 766 6314 Metioclius
785 6261 965 6319 omnia
997 6262 1097 6319 sibi
1136 6265 1392 6330 vindicat,
1427 6270 1731 6326 Metiochus
1767 6273 2015 6344 plorabit.
2065 6268 2072 6316 Ι
2116 6276 2211 6331 sed
2243 6278 2452 6335 mordet
2482 6281 2744 6339 l·'.nl›oeam
2764 6325 2780 6351 ,
2807 6292 2862 6340 et
2888 6284 2953 6341 ad
2978 6287 3181 6343 insulas
3204 6290 3387 6345 assilit.
