4084 8009
259 1524 315 1576 388

481 1664 537 1723 CV.
561 1663 815 1725 ottossttPlot.

297 1802 401 1859 Athen.
422 1801 467 1871 ι5,
481 1822 510 1876 p.
526 1803 597 1870 655,
610 1805 632 1859 Β
648 1824 652 1857 :
671 1803 715 1860 καὶ
728 1801 796 1862 Ἆντ.
809 1807 835 1863 ἐν
848 1804 900 1871 τοῖς
913 1802 1038 1883 Ὁμοπα-

259 1889 335 1966 τρίοις
347 1888 424 1969 φησὶν

306 1999 345 2069 [ἓν
355 1997 450 2069 Ἠλίου
466 2007 520 2095 μέν
529 2030 601 2098 φασι
615 2006 766 2100 γίγνεσθαι
780 2008 870 2074 πολιι

305 2110 459 2200 φοίνικας,
477 2114 505 2177 ἐν
522 2107 647 2189 dirivare
663 2104 698 2178 δὲ
713 2119 865 2204 γλαῦκας,
885 2121 903 2188 ἡ
920 2116 1041 2205 Κύπρος

304 2217 368 2308 ἔχει
383 2219 505 2296 πελείας
520 2212 698 2312 διαφόρους,
715 2226 733 2292 ἡ
750 2211 781 2285 δ’
794 2222 824 2286 ἐν
838 2220 935 2314 Σάμῳ

306 2314 368 2413 llpc
381 2326 416 2391 τὸ
433 2337 571 2418 χρυσοῦν,
584 2325 684 2417 φασὶν,
700 2325 820 2417 ὀρνίθων
833 2328 936 2419 γένος,

258 2423 277 2488 5
306 2434 373 2509 τοὺς
388 2436 610 2528 καλλιμόρφους
619 2433 671 2500 καὶ
682 2428 899 2525 τεριόλέπτους
912 2430 1001 2508 ταῶς,

261 2587 270 2607 n
292 2563 364 2618 lline
377 2570 496 2642 sumpsit
517 2571 592 2624 Eust.
611 2566 647 2621 ad
664 2565 748 2623 Iliad.
763 2584 792 2640 p.
812 2563 896 2636 1035,
909 2571 957 2630 ll..
975 2566 1006 2620 V.
1024 2560 1041 2616 5

258 2654 325 2729 ταῶς
337 2656 434 2732 scripsi
448 2674 505 2732 pro
528 2650 605 2719 ταῶς.
618 2656 743 2710 Pavones
759 2654 847 2724 dicit,
862 2655 911 2730 qui
926 2654 955 2711 in
971 2665 1042 2711 tem·

257 2755 305 2831 plo
318 2755 332 2811 J
336 2748 436 2809 anonis
447 2743 547 2804 Samiae
559 2744 708 2802 alebantur
724 2765 730 2800 :
747 2765 774 2804 v.
788 2746 977 2801 Monodotum
991 2762 1039 2819 ap.

258 2848 359 2903 Athen.
380 2861 411 2916 p.
428 2837 498 2907 655,
518 2839 553 2893 A.
573 2862 585 2885 υ
605 2837 688 2892 EM.
710 2837 799 2891 Varro
819 2833 896 2909 apud
915 2834 988 2890 Gell.
1009 2852 1039 2903 7,

261 2936 294 2988 io·
309 2954 315 2987 :
327 2935 444 2989 Parme
455 2929 788 3001 Sainoproestamiorcse.
805 2922 848 2983 Cf.
860 2922 945 2980 eund.
958 2924 994 2981 tt.
1006 2924 1040 2978 tt.

258 3023 286 3090 3,
301 3022 329 3092 6,
343 3040 372 3089 a,
386 3031 442 3075 etc.

769 1518 905 1580 uentis
927 1474 1134 1583 contenta
1153 1523 1360 1599 anticum.

1088 1653 1230 1713 Porsonus
1247 1660 1351 1731 aliique
1365 1659 1461 1715 ‹lelcnt
1477 1657 1586 1734 τούσδε,
1606 1678 1664 1733 quo
1680 1661 1732 1716 hos
1748 1664 1880 1718 versicu-

1088 1746 1131 1801 los
1152 1749 1189 1802 ita
1209 1751 1408 1822 conglutinare
1421 1750 1555 1825 possint:

1127 1858 1194 1934 δρῶν
1207 1856 1254 1933 μέν
1265 1857 1357 1938 ἄρτους
1366 1856 1598 1935 λευκοσωμάτους,
1611 1860 1685 1919 ἰπνὸν

1127 1945 1346 2025 καταμπέροντας
1359 1947 1386 2005 έν
1400 1954 1510 2013 πυκναῖς
1525 1949 1579 2023 (sic
1599 1947 1679 2026 iibri)
1695 1947 1818 2017 διεξόδοις

1088 2068 1146 2106 non
1164 2053 1315 2110 sentientes
1339 2053 1397 2122 ilii,
1420 2053 1574 2128 glossema,
1597 2072 1656 2110 esse
1675 2052 1794 2119 πυκναῖς.
1815 2058 1879 2111 Ve-

1089 2139 1220 2196 tustiores
1234 2137 1382 2217 κατιμιτέγ.
1398 2145 1431 2199 V.
1448 2140 1465 2196 5
1480 2144 1574 2216 inepte
1586 2140 1717 2219 κριόάνοις
1729 2146 1759 2201 in
1772 2146 1855 2202 libris
1869 2164 1880 2204 .·

1088 2227 1183 2283 scribo
1197 2225 1380 2304 κριμνίτας.
1395 2231 1438 2286 De
1455 2231 1472 2304 β
1486 2240 1516 2285 et
1528 2251 1549 2303 μ
1563 2230 1687 2287 confusis
1706 2250 1734 2291 r.
1752 2250 1820 2292 aaa.
1842 2234 1881 2290 ad

1090 2317 1188 2391 Eurip.
1206 2316 1249 2375 El.
1276 2315 1344 2389 175,
1366 2336 1419 2374 nec
1438 2319 1681 2393 desuntcxcmpla
1704 2330 1756 2378 tet
1776 2338 1838 2394 α,’ν
1851 2334 1881 2379 et

1089 2424 1115 2473 τ,
1142 2426 1159 2461 α
1178 2415 1206 2461 et
1230 2426 1255 2462 οι
1275 2405 1468 2462 confusorum.
1493 2409 1529 2465 V.
1556 2407 1574 2462 6
1597 2409 1695 2464 malim
1718 2406 1879 2485 μιμήματα.

1089 2492 1198 2549 Deinde
1221 2495 1330 2568 primus
1351 2496 1493 2550 Poesonus
1520 2505 1598 2551 reete
1618 2495 1745 2569 δημόταις
1765 2515 1820 2571 pro
1845 2497 1879 2566 δὴ

1088 2586 1175 2655 γοναῖς
1195 2581 1276 2655 (cod.
1293 2583 1316 2638 A
1334 2580 1367 2650 δη
1387 2582 1511 2658 γονοις),
1531 2582 1762 2655 ballimatiae<
1785 2604 1792 2639 :
1810 2604 1880 2641 nam

1089 2669 1266 2725 Atheniensis
1287 2669 1340 2725 luit
1361 2672 1450 2744 pistor
1472 2671 1582 2727 celeber
1602 2674 1755 2743 Thracian,
1770 2673 1881 2749 dequo

1089 2758 1214 2817 Platonis
1227 2759 1350 2835 interpp.
1359 2759 1445 2835 Gorg.
1459 2778 1491 2835 p.
1507 2758 1575 2817 518.

1466 2877 1494 2915 a.

1129 2968 1208 3025 Idem
1221 2970 1262 3024 ib.
1276 2988 1306 3044 p.
1325 2967 1398 3045 rasi,
1415 2971 1435 3024 ll
1451 2988 1458 3024 :
1472 2965 1513 3025 δτι
1525 2966 1576 3045 γάρ
1587 2967 1672 3027 οἴδασι
1683 2967 1779 3048 θιρμδν
1793 2968 1879 3049 ὕδωρ,

1090 3054 1203 3120 Εὔπολις
1225 3054 1272 3130 μὲν
1291 3056 1317 3112 έν
1335 3055 1435 3130 Δήμοις
1451 3056 1564 3132 (fragm.
1582 3058 1637 3131 aa)
1661 3056 1877 3148 ταρίστησιν,....

512 3137 586 3196 CVl.
609 3135 786 3195 Ollbhhll.
1090 3143 1158 3205 Ἀντ.
1173 3144 1196 3202 δ’
1210 3145 1236 3201 έν
1251 3142 1335 3224 Ὀμφ.

559 3259 561 3263 ’
598 3273 601 3277 ’
636 3270 661 3307 ¹·
1063 3232 1069 3326 i
1139 3251 1241 3322 -Ὲν
1257 3258 1351 3349 χύτρᾳ
1366 3248 1401 3322 δέ
1419 3282 1471 3347 μοι

298 3369 399 3425 Athen.
419 3367 446 3437 3,
462 3385 491 3440 p.
513 3363 614 3435 112,C
630 3377 638 3418 ε
654 3360 705 3415 τῶν
730 3356 752 3414 δ’
768 3357 891 3416 Ἀττικῶν
906 3357 992 3434 ἄρτων
1008 3359 1042 3421 ὡς
1139 3367 1220 3441 ὅπως
1235 3355 1314 3455 ὕδωρ
1328 3360 1439 3452 ἕψοντα
1454 3353 1561 3455 μηδέν’
1576 3362 1709 3456 ὄψομαι·

256 3454 385 3535 διαφόρων
397 3449 555 3530 μνημονεύει
566 3448 611 3506 καὶ
622 3447 692 3506 Ἄντ.
705 3448 732 3503 έν
744 3444 872 3523 Ὀμφάλῃ
883 3444 981 3515 οὕτως,
1139 3474 1172 3537 οὐ
1185 3468 1242 3563 γὰρ
1262 3470 1354 3535 κακὸν
1371 3471 1451 3562 ἔχω,
1468 3462 1542 3562 μηδ’
1561 3468 1684 3565 ἔχοιμ’,
1699 3469 1749 3539 γὰρ
1763 3464 1795 3538 δ’
1821 3470 1879 3566 ἄρα

304 3617 352 3629 -
366 3578 439 3654 Πῶς
455 3574 511 3669 γὰρ
525 3572 561 3639 ἄν
577 3599 624 3650 τις
646 3575 763 3663 εὐγενὴς
777 3572 871 3663 γεγὼς
1139 3578 1246 3670 στρέφῃ
1264 3602 1302 3668 με
1316 3575 1384 3668 περὶ
1393 3580 1448 3651 τὴν
1461 3572 1580 3669 γαστέρ’
1596 3577 1614 3651 ἢ
1629 3579 1681 3646 τὸν
1691 3576 1844 3670 ὀμφαλὸν,

304 3678 420 3750 δύναιτ’
433 3679 468 3748 il
488 3677 616 3758 ἐξελθεῖν
633 3704 707 3745 ποτε
725 3670 763 3751 δὴ
788 3673 817 3741 ἰι
835 3688 888 3754 τῆς
905 3688 958 3755 σῆς
977 3680 1044 3745 cai·
1092 3680 1112 3752 5
1139 3681 1219 3776 παρὰ
1234 3680 1385 3774 Φερτάτου
1400 3674 1562 3760 δακτύλιός
1577 3684 1642 3752 ἐστέ
1657 3711 1709 3778 μοι
1724 3677 1877 3779 δραγμῆς.

964 3812 1040 3878 Vlia
1091 3815 1221 3871 Herculis
1241 3813 1329 3869 verba
1350 3813 1421 3868 cibis
1442 3813 1556 3885 obruti,
1581 3826 1728 3871 ettamen
1752 3817 1877 3873 vetantis

304 3902 377 3988 ὀρῶν
393 3897 445 3986 μὲν
460 3892 564 3987 ἄρτους
578 3883 686 3960 τούσδε
699 3890 967 3984 λευκοσωμάτους,
1090 3921 1194 3980 aquam
1210 3902 1262 3959 sibi
1277 3901 1363 3975 coqui
1387 3900 1426 3955 ad
1447 3902 1630 3977 purgandum
1649 3914 1785 3961 tenuem.
1803 3907 1838 3962 V.
1860 3903 1878 3961 5

307 4003 390 4068 γῃὸ,
404 4000 675 4092 καταμπέχοντα,
692 4000 721 4063 ἐ,
735 3989 884 4080 dtcfiddott
895 4045 905 4081 γ
1090 4000 1259 4092 comparant
1267 3988 1463 4062 Aristophanis
1475 3988 1548 4089 Plut.
1562 3982 1798 4091 il79‚880,ubiv.
1807 4009 1875 4050 ann.

259 4105 278 4176 5
305 4113 379 4200 ὀρῶν
394 4100 429 4173 δὲ
445 4110 558 4199 μορφὴν
572 4103 586 4133 ⁸
601 4099 752 4197 κριόάνοις
766 4106 990 4198 ἠλλαγμένους,
1090 4086 1231 4178 miam'
1244 4086 1370 4177 nemim
1383 4073 1422 4131 ad
1436 4076 1593 4219 ῗυροιιὼδ
1603 4075 1716 4179 ’δήλους
1727 4079 1747 4137 Ι·
1762 4079 1812 4180 ¹·.“
1829 4081 1875 4135 ΒΘ

307 4215 431 4307 eune
445 4213 542 4305 κενὸς
559 4206 704 4296 aaa..
720 4201 927 4301 aena...
1089 4163 1879 4332 &tilithithiatimssailhll

306 4321 441 4415 Θῑαρῖων
454 4310 587 4401 &iiiiii
1092 4338 1255 4407 Κάλλιστος,
1268 4336 1447 4409 ’Enii-hince,
1463 4340 1528 4395 alia.
1549 4365 1561 4389 ι
1578 4343 1604 4394 E
1613 4342 1656 4401 Μ.
1868 4297 1879 4327 ’

258 4449 407 4519 Dedimus,
424 4467 486 4522 quae
500 4458 528 4503 et
542 4446 659 4520 intelligi
677 4457 706 4501 et
722 4444 910 4520 probabiliter
936 4443 1041 4500 confir·
1468 4451 1493 4507 3,

256 4542 326 4596 mari
340 4550 462 4615 possent.
478 4540 566 4598 versu
583 4528 782 4611 ιγιγὼςσοόό.
793 4534 852 4600 VL,
868 4534 1042 4607 antiquiores
1129 4564 1208 4619 Idem
1229 4565 1268 4619 ib,
1293 4584 1324 4638 p·
1347 4562 1412 4635 ηδ,
1429 4568 1452 4622 Α
1481 4585 1487 4618 2
1504 4571 1589 4619 mm

257 4628 378 4708 γεγονώς.
400 4631 432 4685 V.
453 4647 470 4683 a
495 4626 560 4683 edd.
584 4626 641 4683 τοτ’
657 4624 686 4681 ἐκ
706 4623 805 4692 τῆσδε
823 4624 928 4699 στέγης,
951 4642 1040 4699 quum

257 4713 347 4773 statim
362 4726 496 4790 sequatur
510 4711 602 4791 ἄρτους
617 4711 720 4773 τούσδε.
735 4713 828 4772 Codd.
846 4716 914 4771 ΑΒΡ
929 4711 966 4780 ἐξ.
977 4705 1041 4773 τοτε

257 4804 279 4860 δ’
294 4807 322 4863 ἐκ
337 4807 384 4873 τῆς
400 4801 512 4879 στέγης,
530 4802 588 4857 duo
603 4803 650 4857 alii
665 4820 728 4857 ποτε
743 4800 818 4869 τῆσδ’
830 4800 871 4859 ἐκ.
889 4800 1042 4875 Omphales

257 4895 374 4949 domum
385 4892 456 4947 dicit
464 4891 599 4946 Hercules
610 4908 709 4958 vorax,
722 4890 752 4944 in
763 4889 909 4962 colloquio
921 4908 1040 4966 cumea,
1090 4893 1221 4948 Herculis
1234 4894 1318 4949 etiam
1330 4893 1389 4948 haec
1404 4892 1511 4961 verba,
1522 4894 1571 4966 qui
1585 4896 1681 4969 potius
1695 4914 1779 4968 quam
1789 4896 1876 4951 salsa-

257 4999 362 5057 negans
370 4981 481 5037 seexire
492 4997 586 5055 posse,
598 4997 685 5052 quum
693 4980 723 5033 in
732 4976 899 5034 transitibus
907 4996 960 5051 per
969 4977 1042 5034 aedes
1088 4993 1183 5038 menta
1207 4982 1374 5038 delicatiora
1394 4990 1471 5036 totos
1495 4981 1600 5056 boves,
1624 5000 1729 5055 eosque
1753 4981 1869 5046 crudos,

259 5069 354 5126 videat
380 5060 457 5125 circa
481 5069 595 5123 furnum
616 5077 659 5123 tot
684 5068 822 5124 candidos
847 5069 981 5142 varieque
1003 5070 1040 5125 ad
1068 5066 1872 5147 ·devorassedicebatur,peoptereadictusboopcipcc,ete.

258 5159 375 5215 modum
393 5158 553 5215 Atticorum
567 5167 593 5213 et
605 5158 772 5213 'lliearionis
789 5158 923 5213 formatos
937 5175 1039 5230 panes3
1087 5158 1154 5216 Vid.
1171 5158 1307 5235 Apollod.
1328 5176 1358 5226 a,
1375 5157 1392 5213 6
1407 5157 1424 5232 S
1441 5177 1469 5227 7,
1483 5159 1636 5231 spanhem.
1659 5158 1696 5214 ad
1708 5158 1821 5219 Callim.
1836 5162 1873 5217 lt.

259 5249 296 5306 ef.
313 5250 346 5307 lr.
359 5248 388 5316 3,
408 5257 437 5304 et
450 5248 596 5321 Arbtoph.
617 5249 689 5305 Ran.
706 5245 758 5301 511
786 5264 866 5320 seqq.
882 5248 916 5305 V.
936 5246 1041 5303 3male
1087 5248 1116 5301 in
1130 5249 1249 5304 Dianam
1267 5246 1341 5319 161,
1358 5248 1524 5321 Antiplranis
1539 5245 1656 5302 Parasiti
1668 5247 1702 5305 fr.
1719 5246 1746 5304 5.

1611 4563 1658 4638 μὲν
1679 4566 1693 4621 ὁ
1707 4566 1875 4645 φιλοτάριχος

1089 4651 1151 4728 παρ’
1165 4648 1308 4729 Ἀντιφάνει
1320 4652 1346 4708 έν
1363 4649 1446 4728 Ὀμφ.
1460 4648 1554 4724 οὕτως,

1138 4770 1183 4832 Οὐ
1196 4768 1391 4858 φιλοτάριχος
1404 4757 1543 4856 οὐδαμῶς
1563 4763 1637 4856 εἰμ’,
1654 4763 1679 4831 ὦ
1693 4769 1775 4860 κόρη.

462 5419 588 5473 EODEM
607 5418 726 5473 PATRE
746 5419 845 5472 ΝΛΤΙ.

295 5510 326 5562 in
342 5505 414 5562 Solis
428 5504 538 5576 quidem
554 5503 622 5560 urbe
634 5504 795 5575 gignuntur.
811 5512 843 5560 ut
855 5506 949 5576 ajunt.

294 5594 406 5666 palmae,
422 5592 537 5648 Athenis
554 5598 645 5647 autem
662 5597 787 5657 noctuam
801 5592 906 5665 Cyprus

295 5680 436 5737 columbas
451 5682 539 5736 varias
554 5677 652 5745 habet,
665 5686 692 5733 et
703 5679 777 5735 Sami

293 5771 366 5824 luno
379 5782 508 5831 aureum,
520 5772 552 5821 ut
562 5763 649 5837 citent,
662 5764 753 5821 avium
765 5781 863 5837 genus,

199 5846 201 5850 ’
294 5857 430 5912 formosos
443 5863 524 5925 atque
541 5854 595 5908 late
608 5853 771 5926 conspicuos
782 5870 911 5928 pavones.

553 5944 740 5997 OiiPllAIAE.

640 6038 649 6084 1

294 6147 328 6156 --
341 6114 486 6187 Quomodo
504 6116 578 6171 eniin
594 6117 634 6171 rit
646 6116 744 6188 aliquis
758 6117 826 6173 bene
846 6126 924 6174 natus

295 6220 413 6277 unquam
424 6220 489 6260 sane
507 6205 579 6261 exire
592 6206 673 6275 possit
682 6223 713 6260 ex
724 6214 769 6261 tua
783 6205 880 6271 donno,

299 6291 390 6346 videns
410 6293 437 6345 in
455 6288 612 6346 transitibus
629 6290 710 6347 hosce
725 6305 806 6361 panes

299 6374 429 6433 candidos
446 6376 517 6432 cirea
532 6372 660 6441 sutrium,

1090 5422 1107 5472 5
1126 5415 1275 5487 vidensque
1288 5415 1376 5471 varios
1389 5414 1478 5471 forma
1490 5403 1626 5481 triticeos.

1126 5503 1275 5558 imitamina
1288 5517 1383 5559 manus
1393 5504 1508 5569 Attica,
1522 5519 1591 5574 quos
1607 5503 1790 5590 popularibus

1123 5589 1257 5646 Theanon
1271 5590 1447 5645 monstrarit?

1468 5683 1494 5732 2,

1014 5758 1018 5766 ’
1122 5764 1265 5820 -inoila
1278 5779 1342 5821 veto
1355 5780 1391 5821 ae
1405 5764 1522 5837 aliquem

1125 5850 1230 5908 videam
1242 5866 1359 5923 coquere
1374 5852 1440 5907 milii
1452 5866 1551 5925 aquam
1570 5875 1575 5906 ;

1126 5939 1297 6010 nequeenim
1314 5938 1411 6005 habeo,
1431 5955 1523 6012 neque
1534 5941 1634 5997 habere
1648 5941 1740 6008 velim,
1754 5940 1874 6003 malum;

1126 6042 1264 6098 quumque
1274 6026 1438 6083 torminibus
1447 6030 1567 6085 allicitur
1577 6029 1643 6084 mihi
1658 6038 1751 6085 venter
1760 6039 1807 6086 aut
1817 6046 1876 6086 um-

1747 6117 1858 6185 {bilieas
1870 6160 1876 6171 .

1127 6212 1165 6257 est
1175 6201 1268 6258 miliia
1283 6202 1410 6257 Phertato
1420 6206 1549 6275 cortulus,
1562 6204 1691 6260 drachma
1703 6215 1821 6278 emptus.

1468 6298 1493 6346 3.

1093 6376 1171 6433 ΝυΙΙο
1184 6376 1266 6433 modo
1279 6392 1340 6434 sum
1353 6379 1578 6436 salsamentorum
1587 6389 1701 6443 auratos,
1716 6381 1844 6451 opuella.
