4084 8009
911 1458 1117 1537 nummus.
1489 1445 1492 1453 '
1787 1471 1823 1520 ιι

210 1599 318 1652 aninmo
345 1594 533 1666 insimulavit,
558 1605 615 1648 turn
649 1594 803 1658 accusavit,
836 1593 867 1647 in
891 1591 994 1648 fabulis

210 1683 367 1740 scribendis
403 1681 551 1757 Eupolidis
579 1699 644 1736 eum
681 1681 784 1735 scrinia
816 1681 992 1754 compilasse.

1040 1594 1152 1649 tentiam
1184 1611 1241 1649 esse
1274 1593 1345 1649 vidit
1373 1594 1509 1651 Fritrsch.
1534 1593 1649 1665 Quaestt.
1679 1595 1823 1668 Aristoph.

1044 1702 1071 1752 1,
1089 1701 1119 1755 p.
1140 1687 1215 1755 ο94,
1239 1686 1379 1752 triremes,
1402 1699 1486 1756 quum
1505 1681 1686 1739 vehementer
1709 1688 1826 1756 capient

210 1773 305 1829 Schel.
324 1770 521 1844 Aristophanis
539 1767 577 1823 ad
598 1769 651 1842 eq.
674 1766 731 1846 528
754 1768 863 1822 εταῦτα
885 1767 992 1840 (intell.
1035 1775 1162 1844 patriam
1185 1774 1315 1835 revisere,
1341 1789 1396 1825 nort
1417 1789 1502 1843 pesse
1527 1782 1621 1824 terrica
1648 1776 1678 1824 ia
1703 1772 1825 1826 mealia
1856 1821 1861 1832 ,

211 1858 407 1933 Aristophanis
426 1856 571 1929 convicia}
591 1851 705 1917 ἀκούσας
727 1856 741 1910 ὁ
760 1854 812 1929 Κρ.
827 1850 926 1932 ίγραψι
946 1850 993 1922 τὴν

212 1946 338 2017 Πυτίνην,
352 1941 450 2010 δεικνὺς
464 1943 504 2001 ὅτι
521 1945 569 2002 οὐκ
583 1940 712 2020 θλήρησεν
726 1943 753 1999 έν
768 1932 805 2008 οἷς
823 1943 911 2007 κακῶς
925 1939 995 2018 λέγει

211 2033 255 2092 τὸν
271 2025 456 2112 Ἀριστοφάνην
467 2033 503 2097 ὡς
513 2030 548 2088 τὰ
565 2026 839 2105 Εὐπολιδοςλίγοντα.

583 2157 594 2191 ι
604 2156 628 2195 t.

252 2236 331 2292 ldem
348 2235 436 2293 schel.
454 2235 491 2291 ad
505 2232 573 2291 Pac.
597 2234 654 2290 602
672 2252 679 2287 ι
696 2228 758 2309 πρὸς
777 2234 860 2288 ταῦτα
877 2230 921 2290 καί
944 2233 995 2310 ίίρ.

212 2325 238 2379 ἐν
257 2323 292 2382 ll.
307 2319 449 2392 πεποίηκεν

260 2423 482 2533 θλιπερνῆτες
500 2446 647 2521 πολῖται,
667 2433 754 2526 rripit
772 2428 810 2511 δὴ
831 2432 957 2517 loviers!

211 2564 308 2625 ἔστιδὲ
330 2565 395 2645 πρὸς
407 2564 441 2625 τὰ
451 2564 606 2645 Ἀρχιλόχου
625 2565 741 2642 (fragm.
757 2567 795 2623 63
813 2568 953 2626 Gaislord.
963 2569 984 2642 l.

251 2670 288 2739 Ὦ
303 2681 455 2760 λιπερνῆτες
469 2681 594 2755 πολῖται,
607 2675 682 2755 τάμὰ
702 2678 734 2747 δὴ
749 2676 846 2745 ξυνίετε

254 2769 371 2847 ῥήματα.

212 2880 308 2939 Schol.
317 2868 358 2937 Ὦ
368 2876 526 2960 σοφώτατοι.
539 2878 668 2935 Alterum
677 2864 878 2954 ’Ὧλιπερνῆτες
889 2894 924 2932 cx
932 2878 1000 2934 Dio·

213 2968 285 3022 dore
300 2979 462 3042 sumptum,
474 2969 524 3042 qui
536 2986 571 3023 eo
580 2986 665 3022 versu
679 2967 770 3020 utitur
784 2984 831 3033 12,
847 2972 894 3032 4ο.
908 2991 919 3014 ι
931 2966 1003 3045 Cra-¹

214 3056 266 3109 tini
287 3056 382 3111 locum
396 3056 538 3129 respicere
550 3053 665 3108 videtur
677 3053 795 3108 Photius
808 3071 837 3126 p.
852 3051 928 3123 225,
948 3061 1001 3124 ο4,

214 3140 395 3222 Λιπέρνητεςε
414 3140 474 3213 ἤτοι
494 3139 646 3219 λιποπολιις
659 3137 677 3211 ἢ
692 3136 810 3208 πένητες.
829 3136 859 3197 τὸ
874 3136 902 3196 δέ
916 3138 1000 3215 ὄνομα

214 3231 259 3288 καὶ
286 3230 359 3307 παρὰ
381 3231 435 3297 τοῖς
458 3228 595 3305 κωμικοῖς,
617 3225 679 3284 ὅταν
698 3226 840 3304 παρῳδῶσι
862 3225 920 3293 τοὺς
939 3222 1000 3287 Ἰω·

217 3344 278 3385 νας·
302 3323 354 3377 uhi
381 3322 478 3377 nescio
503 3338 540 3375 an
563 3337 651 3373 unum
674 3318 879 3374 Archilochum
898 3317 1002 3374 dixerit

214 3407 272 3474 τοὺς
286 3405 388 3474 Ἴωνας.
408 3410 542 3465 Ceterum
561 3406 666 3471 rectius
679 3404 798 3462 fortasse
811 3406 948 3461 scribitur
961 3407 1001 3463 λι-

216 3494 350 3574 πέρνητες.
368 3497 526 3571 Hesychius
537 3513 655 3569 queque
667 3491 797 3571 Λιπέρνης
817 3513 823 3548 :
841 3493 855 3548 θ
871 3494 901 3550 ἐκ
918 3494 1001 3550 πλου-

217 3584 275 3642 σίου
288 3584 381 3656 πένης·
404 3586 455 3642 sed
479 3585 575 3658 Etym.
595 3584 635 3641 hl.
656 3583 813 3657 Λιπερνῆτις
831 3579 959 3651 θηλυκόν·
973 3581 1003 3639 τὸ

216 3671 350 3750 ἀρσενικὸν
366 3670 531 3750 λιπερνήτης.
553 3668 676 3745 σημαίνει
692 3667 735 3726 τὸν
748 3668 822 3737 ἐνδεῆ
837 3668 882 3725 καί
894 3668 1002 3747 πτωχὸν

216 3756 290 3837 παρά
303 3757 334 3816 τὸ
345 3758 482 3816 λείπεσθαι
494 3755 603 3837 ἐρνέων,
615 3753 695 3813 ὅέστι
709 3757 808 3835 ρυτῶν.
820 3753 837 3824 ἢ
848 3754 1004 3834 λιπτρνήτας

219 3845 289 3920 (leg.
304 3843 539 3919 ἁλιπερνήτας.
563 3848 658 3918 Etym.
672 3844 748 3903 Gud.
767 3844 1002 3922 ἇλιπερνῆτες.

218 3932 323 4010 Beth.)
347 3932 425 4012 φησὶν
451 3930 622 4011 Ἀριστόξενος
648 3929 708 3996 τοὺς
729 3930 811 3997 ἁλιεῖς
834 3932 879 3989 καί
904 3932 1004 3990 θαλασ-

218 4019 303 4090 σίους,
330 4017 442 4078 ἀπὸτοῦ
460 4022 507 4089 τῆς
528 4018 588 4084 ἁλὸς
614 4017 818 4098 διαπιπράσκειν
844 4025 908 4095 (per
926 4040 1004 4077 mare

219 4110 381 4184 navigantes
399 4108 533 4184 mercari)
557 4105 602 4165 καί
619 4109 677 4183 ζῆν,
690 4117 746 4166 etc.
762 4133 774 4158 ν
791 4108 836 4163 Μ.
854 4108 904 4182 qui
919 4110 1003 4166 etiarn

219 4199 355 4255 Cratineis
368 4198 560 4276 probabiliter
576 4197 658 4255 addit
674 4193 782 4277 ῥήματ’.

590 4323 636 4362 ιο.
717 4358 720 4364 ,

259 4400 359 4455 Pollux
384 4419 428 4468 ro,
451 4398 505 4463 184
527 4394 670 4469 εμοίλιστα
690 4393 712 4452 δ’
734 4394 850 4473 ἐχρῶντο
873 4398 911 4472 τῷ
937 4394 1004 4451 πλέ-

219 4508 301 4562 γμασι
315 4486 400 4565 τούτῳ
414 4485 527 4563 (κάννας
540 4486 624 4561 dicit)
642 4486 667 4550 ίς
685 4482 719 4540 rb
732 4483 956 4561 περιρράγματα,
970 4488 1005 4549 ὡς

221 4574 247 4629 ἒν
261 4576 292 4651 τῇ
305 4573 340 4632 ll.
353 4575 428 4651 θΚρ.
442 4573 502 4651 περί
512 4575 563 4630 τῶν
576 4571 689 4651 τριήρων
702 4569 773 4647 λέγει

272 4692 316 4754 Οὐ
335 4680 480 4754 δύνανται
493 4687 594 4754 πάντα
610 4696 749 4753 ποιοῦσαι
762 4686 927 4751 νεωσοίκων
947 4693 1006 4751 λα·

914 4777 1005 4876 [χεῖη

270 4876 339 4949 οὐδὲ
357 4882 485 4959 κάννης·

224 5017 302 5073 libri
323 5018 472 5092 frequente
495 5018 577 5093 lapsu
599 5018 625 5074 ἰν
647 5018 680 5093 τῆ
705 5012 820 5091 Πιτάνη,
848 5027 878 5070 ιιι
903 5012 1007 5072 πίτυνον

224 5108 324 5163 Athen.
340 5127 367 5177 7,
385 5125 415 5180 p.
441 5106 509 5176 304,
528 5108 565 5173 E,
582 5106 611 5160 ίιι
622 5104 754 5160 Numenii
774 5120 874 5170 versu,
898 5106 945 5176 qni
967 5106 1007 5159 sie

223 5194 392 5251 scribendus
406 5203 447 5249 est

263 5303 359 5381 χάννας
373 5305 397 5357 τ’
413 5300 538 5379 ἐγχέλυάς
548 5323 594 5376 τε,
607 5301 652 5358 καὶ
667 5298 787 5378 ἐννυχίην
802 5298 918 5361 πύτινον.

228 5441 239 5463 ι
257 5418 355 5489 Neque
370 5416 445 5470 enim
462 5413 652 5469 dubitandum
665 5413 779 5468 videtur
790 5413 861 5485 quin
868 5414 952 5488 piscis
963 5415 1010 5470 ille

224 5520 242 5556 a
265 5503 370 5576 lagena
391 5500 576 5556 similitudine
596 5496 701 5561 πύτινσς
718 5501 877 5574 appellatus
896 5502 943 5557 sit.
966 5502 1011 5555 ln·

226 5589 362 5664 telligitur
380 5601 475 5646 autern
500 5607 534 5645 ex
555 5589 611 5644 hoc
631 5590 763 5643 Numenii
781 5590 866 5658 leco,
881 5590 1009 5663 penulti-
1096 5588 1099 5593 '

225 5695 299 5732 nram
318 5679 440 5733 nominis
452 5673 548 5744 πυτίνη
562 5675 696 5751 produci.
719 5675 936 5750 (Aristophanes
952 5679 1006 5734 Av.

225 5765 293 5838 798,
308 5766 343 5828 ὡς
356 5763 494 5844 Διιτρέφης
507 5786 536 5841 γε
550 5762 714 5821 πυτιναῖα
732 5760 811 5837 μόνον
826 5761 893 5841 ἔχων
912 5762 1007 5839 πτερά.

224 5854 327 5929 nort.)
342 5855 501 5912 Verborum
517 5872 533 5909 e
549 5854 679 5927 parabasi
698 5854 850 5909 ductorum
863 5854 936 5908 hanc
948 5872 1010 5908 sen·

596 6058 638 6106 ll.

225 6135 250 6190 0
261 6132 354 6204 inopes
363 6131 444 6197 eires,
458 6130 486 6186 in
498 6145 556 6186 ntea
567 6130 689 6187 animum
700 6127 831 6186 intendite
843 6133 853 6183 t

228 6283 353 6354 Nugaris.
368 6280 483 6353 depinge
497 6279 575 6337 illum
600 6216 640 6267 ¹3⁸

1041 1870 1093 1913 ent
1110 1869 1216 1912 storeas
1227 1859 1326 1915 reddre.
1348 1882 1359 1905 ν
1380 1860 1405 1913 Ε
1415 1860 1459 1915 M.

1413 1980 1457 2034 ιθ.

1083 2101 1179 2157 Schol.
1196 2102 1393 2175 Aristophanis
1403 2100 1440 2156 ad
1449 2101 1525 2158 Nub.
1538 2100 1607 2170 354,
1621 2101 1657 2156 de
1666 2102 1823 2157 Clisthene:

1044 2176 1116 2251 οὗτος
1141 2183 1169 2243 δὲ
1190 2186 1233 2243 ἐπὶ
1252 2186 1366 2267 κιναιδίιρ
1388 2186 1568 2247 διαθάλλεται.
1595 2188 1774 2265 (Sequuntur
1790 2193 1826 2245 ab

1044 2278 1100 2333 alio
1125 2276 1295 2351 adscripta.)
1320 2278 1410 2333 τοῦτον
1438 2274 1466 2332 ll
1488 2276 1523 2339 ὡς
1549 2274 1760 2351 γυναικιζόμενον
1779 2278 1826 2333 οὐκ

1044 2360 1230 2443 Ἀριστοφάνης
1249 2354 1386 2421 διαθάλλιι
1410 2361 1499 2439 μόνον,
1520 2362 1588 2420 α’λλίι
1602 2361 1647 2420 καί
1664 2355 1715 2441 ίίρ.
1738 2365 1765 2420 ἐν
1788 2365 1823 2421 ll.

1044 2450 1127 2528 λέγων
1140 2449 1229 2516 οὕτως·

1144 2584 1249 2667 Ληρεῖς
1265 2578 1358 2667 ἔχων·
1375 2577 1465 2669 χράρ’
1485 2578 1576 2643 αὑτὸν

1095 2686 1125 2747 ἐν
1146 2674 1320 2764 internodio·
1340 2689 1458 2775 γελοῖος
1476 2685 1562 2749 ἔσται
1580 2685 1758 2759 Κλεισθένης
1777 2710 1829 2749 κυ-

1722 2777 1829 2875 [θεάων

1096 2877 1125 2940 ἐν
1142 2867 1218 2968 τῇδε
1240 2885 1279 2968 τῇ
1296 2875 1428 2953 κάλλους
1442 2877 1538 2970 άκριῇ.

1047 3020 1153 3077 Cratini
1165 3042 1193 3079 ν.
1214 3041 1226 3077 ι
1243 3023 1284 3077 sic
1297 3022 1391 3078 Suidae
1405 3022 1470 3080 cod.
1486 3027 1530 3092 A.;
1546 3026 1632 3079 ceteri
1654 3023 1740 3088 αὐτός.
1763 3030 1797 3084 t'.
1812 3049 1829 3082 u

1048 3108 1116 3167 sert.
1139 3110 1293 3166 delendum
1313 3110 1351 3179 ἰν,
1376 3112 1465 3183 siniti
1491 3112 1595 3168 menda
1617 3114 1710 3188 lphig.
1735 3116 1831 3174 Aulid.

1048 3198 1105 3272 692
1127 3200 1214 3275 vulgo
1232 3199 1259 3256 ἐν
1280 3199 1376 3277 αἰθέρι,
1395 3201 1444 3258 sed
1465 3202 1494 3255 in
1516 3202 1600 3258 bonis
1621 3203 1770 3260 codicibus
1791 3206 1830 3261 le·

1047 3288 1124 3361 gitur
1137 3284 1230 3365 οιίθέρι.
1244 3290 1278 3347 V.
1294 3287 1310 3343 3
1326 3289 1465 3344 librorum
1478 3288 1505 3344 ἐν
1516 3290 1550 3365 τῇ
1560 3291 1605 3346 τοῦ
1621 3311 1646 3348 κ,
1662 3290 1688 3345 ei.
1706 3297 1832 3350 correxit

1048 3377 1140 3431 Bentl.
1158 3376 1260 3432 Suidas
1281 3395 1398 3451 queque
1422 3376 1594 3442 Κλεισθένους
1618 3377 1830 3457 ἄκρατέστιροςι

1049 3453 1122 3528 οὗτος
1145 3460 1188 3519 ἐπὶ
1214 3462 1329 3541 κιναιδίρ
1344 3460 1498 3534 διεθάάλητο
1517 3462 1562 3520 καί
1579 3462 1764 3541 έχοναικίζετο.
1786 3467 1834 3525 καί

1051 3552 1103 3628 Κρ.
1117 3554 1213 3630 Ληρεῖς
1226 3548 1293 3629 ἔχων
1354 3549 1483 3609 κυθιιίων.
1501 3553 1647 3610 Postrema
1661 3555 1702 3609 ibi
1718 3555 1830 3614 desunt.

1053 3664 1065 3688 ι
1081 3640 1215 3697 Morietur
1228 3642 1285 3710 Cr,
1297 3651 1330 3697 ut
1343 3642 1513 3698 Clisthenem
1534 3644 1564 3697 in
1582 3642 1712 3717 episodio
1727 3645 1833 3700 descri-

1049 3726 1176 3784 bendum
1196 3740 1390 3804 spectatorum
1409 3731 1478 3785 risui
1498 3741 1630 3804 exponat.
1646 3731 1720 3786 Cave
1738 3743 1834 3788 autem
1884 3729 1889 3739 “

1051 3813 1194 3874 ἐπεισόδιον
1217 3818 1264 3874 hic
1285 3836 1320 3874 ee
1345 3835 1427 3873 sensu
1452 3818 1590 3893 accipias,
1611 3836 1669 3891 quo
1692 3819 1834 3893 quidquid

1051 3905 1194 3961 interduo
1213 3907 1293 3962 chori
1313 3907 1425 3962 cantica
1445 3906 1626 3979 interjectum
1648 3918 1705 3978 est,
1726 3910 1833 3984 signifi·

1051 4004 1095 4047 cat
1110 4012 1116 4047 ι
1131 3995 1155 4048 is
1170 3995 1245 4050 enim
1263 3995 1397 4050 vocabuli
1414 4014 1480 4051 usus
1494 3997 1607 4052 nonnisi
1622 3998 1659 4053 ad
1684 3999 1835 4074 tragoedias

1050 4083 1191 4155 pertinet,
1204 4082 1344 4156 falsusque
1360 4084 1438 4139 haud
1453 4085 1540 4141 dubie
1554 4098 1596 4140 est
1615 4089 1783 4160 Anonymus
1799 4090 1834 4146 dc

1051 4170 1133 4227 Com.
1155 4189 1185 4244 p.
1203 4189 1252 4239 aa,
1269 4172 1354 4226 etiam
1367 4172 1396 4225 in
1418 4173 1564 4228 comoediae
1582 4174 1712 4247 partibus
1729 4175 1834 4233 ἕπεισό·

1052 4254 1105 4309 διον
1119 4253 1149 4312 ιθ
1172 4253 1269 4329 μεταξὺ
1291 4256 1336 4313 δύο
1356 4261 1469 4335 χορικῶν
1488 4259 1574 4334 μελῶν
1596 4280 1832 4323 commemorans.
1942 4257 1946 4264 ¹

1053 4344 1162 4399 Revera
1182 4344 1223 4398 ibi
1238 4344 1294 4413 ἐπ,
1312 4342 1469 4422 ἐπίγραμμα
1491 4364 1607 4419 quoque
1627 4350 1801 4423 appellatum
1816 4371 1834 4407 a

1052 4432 1204 4487 Plutarcho
1214 4432 1364 4491 Commun.
1379 4435 1463 4488 notit.
1478 4453 1507 4507 p.
1524 4433 1610 4504 1065,
1626 4439 1662 4503 l),
1678 4436 1732 4491 fuit
1743 4440 1835 4510 quod·

1053 4519 1118 4574 dam
1132 4521 1283 4589 exodium,
1299 4541 1357 4576 non
1376 4524 1432 4578 alio
1451 4526 1505 4578 nisi
1519 4525 1592 4579 risus
1613 4526 1746 4599 captandi
1763 4546 1836 4583 cen-

1053 4609 1115 4662 silio
1137 4609 1265 4664 additum
1291 4609 1410 4680 fabulae,
1435 4630 1528 4684 neque
1551 4614 1837 4673 necessariovinculo

1054 4714 1118 4751 cum
1131 4683 1374 4770 ea'cenjunctum.
1391 4700 1598 4757 Grammaticus
1619 4702 1707 4760 Bell.
1730 4708 1835 4763 Anecd.

1053 4806 1084 4861 p.
1103 4784 1176 4857 253,
1195 4806 1230 4863 ¹9
1246 4808 1252 4841 :
1269 4785 1413 4844 ἐπεισόδιον
1425 4786 1518 4865 κυρίοις
1536 4786 1582 4863 μὲν
1597 4787 1626 4846 τὸ
1642 4790 1668 4847 ἐν
1687 4794 1719 4868 τῇ
1739 4813 1835 4869 κωμῳ-

1055 4874 1097 4956 tto,
1112 4874 1299 4954 ἐπιφερόμενον
1312 4877 1349 4957 τῷ
1365 4876 1481 4957 δράματι
1493 4878 1604 4955 γελωτος
1614 4880 1692 4957 χάριν
1706 4877 1766 4947 ἔξω
1780 4884 1836 4951 τῆς

1056 4962 1202 5029 ὑποθέσεως
1223 4965 1298 5040 (quo
1319 4978 1429 5042 spectat
1443 4968 1602 5044 Metagenes
1616 4968 1764 5027 Φιλυθιίτυυ
1779 4970 1835 5026 lra-

1054 5066 1173 5129 gmento
1188 5073 1215 5123 1,
1227 5056 1322 5110 verbis
1337 5052 1406 5111 κατ’
1419 5054 1561 5113 ἐπεισόδιον
1577 5076 1660 5127 μετα
1669 5054 1779 5114 6οίλλω
1792 5057 1836 5113 τὸν

1056 5141 1160 5217 λόγον),
1173 5144 1393 5220 καταχρηστικῶς
1414 5140 1441 5199 bi
1456 5141 1547 5208 ἁπλῶς
1565 5142 1595 5200 τὸ
1616 5140 1753 5218 θξαγώνιον
1766 5153 1835 5219 πρᾶ-

1055 5252 1120 5306 γμα.
1148 5257 1159 5279 υ
1182 5232 1262 5288 ΕΜ.
1280 5232 1314 5287 ld
1330 5232 1418 5287 hodie
1443 5243 1562 5289 vocatur
1579 5237 1765 5302 Interamnae,
1787 5238 1836 5287 In-

1057 5318 1191 5388 termeide,
1218 5320 1444 5393 Zwischenspiel.
1473 5318 1616 5390 Κυθεύων,
1649 5322 1737 5377 intell.
1763 5322 1834 5376 lucri

1057 5424 1157 5476 causa,
1173 5424 1262 5480 quum
1271 5408 1336 5483 plus
1345 5399 1455 5464 merere
1466 5410 1598 5484 possita]
1614 5406 1739 5481 κιναιδίᾳ.
1756 5409 1836 5464 Cete-

1055 5514 1118 5551 rum
1132 5514 1224 5570 nuper
1237 5496 1272 5554 G.
1286 5495 1450 5552 Dinderfins
1462 5499 1559 5567 locum
1574 5498 1610 5550 ita
1629 5493 1742 5551 relinxit
1758 5514 1764 5553 :

1105 5628 1302 5718 Ληρεῖςέχων·
1311 5634 1426 5720 γελοῖος
1434 5621 1837 5705 ἔσταιΙίλεισθένηςκυθεύων

1105 5736 1134 5796 έν
1154 5726 1282 5825 rideri
1304 5732 1434 5809 κάλλους
1459 5734 1552 5825 ἀκμῇ.
1571 5733 1665 5823 1’ράρ’
1693 5735 1782 5800 αὐτὸν
1809 5737 1837 5798 ἐν

1691 5834 1834 5923 crebrior.

1716 5993 1834 6004 ——

1021 6076 1032 6128 η
1055 6048 1177 6120 episodie
1189 6069 1195 6105 :
1207 6047 1342 6105 ridiculus
1353 6048 1405 6106 erit
1419 6047 1569 6108 Clisthenes
1583 6052 1691 6109 tesseris
1704 6049 1799 6108 bodens

1056 6141 1108 6193 hee
1122 6137 1188 6195 llere
1202 6136 1359 6194 venustatis.
