4084 8009
293 1530 330 1581 46
405 1598 409 1606 Ι
786 1513 990 1573 cottOEotAE
1010 1510 1172 1572 verutus
1196 1510 1403 1582 hettonis.

288 1649 420 1717 Suidam;
436 1647 472 1705 de
486 1665 544 1720 quo
557 1646 641 1701 etiam
653 1644 825 1715 Hesychius,
842 1641 969 1718 Φορμίων
983 1660 990 1699 :
1002 1632 1075 1703 obeo<
1097 1657 1101 1737 ρ

289 1732 433 1814 στρατηγὸς
447 1731 548 1811 ἐγένετο
563 1731 759 1808 Κροτωνιατῶν.
777 1755 788 1778 ν
807 1732 884 1787 EM.

662 1861 705 1897 ro.

331 1957 472 2031 Hepbaest.
485 1953 530 2024 ιδ,
542 1974 571 2029 p.
582 1973 630 2023 72,
642 1953 677 2009 de
688 1964 779 2008 metro
792 1953 905 2009 Cretico
915 1952 1053 2008 disserens
1065 1970 1072 2003 :

290 2043 410 2100 καλεῖται
424 2037 452 2098 ii
474 2040 519 2097 καί
544 2038 587 2096 ὑπ’
610 2039 694 2097 αὐτῶν
720 2041 771 2096 τῶν
794 2040 911 2109 ποιητῶν
935 2036 1075 2118 Κρητικὸν,

290 2126 380 2209 ῶσπερ
392 2127 442 2187 ὑπὸ
452 2126 582 2205 Κρατίνου
594 2128 620 2184 ἐν
628 2128 714 2204 Τροφ.

315 2320 320 2330 ,
339 2272 369 2311 α.
386 2236 488 2337 ipsus
500 2234 538 2317 δὴ
552 2251 611 2324 νῦν,
624 2250 741 2325 Μοῦσα,
752 2241 903 2333 Κρητικὸν
921 2233 1028 2331 pilos!

341 2355 371 2435 β.
381 2341 532 2442 Χαῖρεδὴ,
540 2358 648 2413 Μοῦσα
657 2342 665 2413 l
674 2347 780 2441 χρονία
791 2348 844 2438 μὲν
852 2352 947 2426 ἥκεις,
956 2350 1036 2437 ὅμως
1045 2338 1075 2409 δ’

339 2455 427 2533 ἦλθες
442 2460 474 2521 οὐ
485 2454 497 2480 *
508 2453 574 2545 πρὶν
583 2453 687 2535 ἐλθεῖν,
699 2452 758 2518 ῖσθι
768 2455 867 2543 σαφές·
877 2451 948 2519 ἀλλ’
958 2455 1073 2527 ὅπως...

291 2588 411 2642 Versum
427 2604 438 2639 1
456 2583 612 2657 Hesychius
625 2583 792 2656 respiciens,
805 2592 838 2635 ut
858 2580 989 2653 videtur,
1004 2580 1076 2656 Κρη-

292 2673 363 2729 τικὸν
374 2670 451 2747 μέλος
465 2690 472 2729 :
484 2667 553 2726 oliuu
567 2669 667 2745 Κρῆτες
678 2671 747 2743 ipro
760 2664 902 2744 Κρητικολ)
919 2664 1010 2741 ῥυθμοὶ
1019 2664 1075 2722 ἐλέ-

291 2782 380 2836 γοντο,
393 2757 446 2816 άπὸ
461 2758 571 2835 Κρητῶν
584 2756 631 2831 (ut
644 2757 737 2834 Κρῆτα
749 2759 843 2831 ταῦρον
855 2754 989 2829 Αροίίοά.
1003 2772 1031 2823 2,
1046 2753 1074 2821 5,

293 2846 340 2925 ρ).
353 2851 443 2904 Versu
457 2846 472 2901 3
486 2845 680 2919 imprudenter
691 2844 812 2901 Person.
829 2844 907 2919 apud
919 2842 1076 2911 Gaisford.‚

291 2948 411 2993 metrum
425 2933 639 3002 emendaturus,
650 2932 678 2987 οὗ
691 2931 752 3009 πρίν
763 2953 792 3007 γε
802 2930 864 2990 δεῖν.
878 2931 1006 2986 Scribam
1019 2950 1075 3005 po-

292 3024 347 3080 tius
360 3023 389 3080 οθ
403 3018 464 3099 πρίν
482 3021 510 3094 μ’
524 3018 624 3088 ἀθλεῖν,
640 3038 696 3076 non
714 3032 864 3092 antequam
883 3037 935 3092 ego
955 3018 1078 3075 lahoras-

291 3131 360 3181 sem,
383 3122 492 3184 tuoque
516 3109 699 3181 indiguissem
721 3108 826 3162 auxilio
846 3108 875 3163 in
894 3109 1077 3164 contentione

291 3200 433 3257 theatrali.
454 3198 509 3253 Pro
530 3195 617 3254 άθλεῖν
637 3195 711 3253 sorte
732 3198 908 3272 scriptum‘a
929 3194 1078 3251 festinante

291 3286 411 3345 librario
424 3286 512 3344 ἀλθεῖν
523 3285 606 3341 facile
617 3286 718 3342 abierit
731 3286 760 3339 in
772 3284 865 3340 ἐλθεῖν.

336 3378 467 3449 Denique
479 3375 636 3447 Hesychius
650 3374 754 3450 Κριθῶν
769 3391 775 3430 :
793 3369 869 3448 ὄχλος
881 3371 908 3427 ἐν
922 3368 1077 3449 Τρορωνίῳ.

293 3461 440 3543 προσέθηκε
456 3458 484 3518 it
500 3459 600 3527 παίζων
620 3458 650 3517 τὸ
667 3457 799 3537 ἀργύριον.
823 3459 891 3531 Quae
909 3478 958 3533 per
975 3478 1005 3515 se
1026 3460 1079 3514 ob·

293 3571 375 3608 scura
386 3560 492 3608 suntet
503 3549 643 3605 incertum
659 3567 696 3605 an
712 3548 749 3604 ad
764 3549 870 3605 Cratini
882 3548 1079 3623 Trophonium

293 3643 463 3715 pertineant.

333 3727 416 3783 hdde
428 3727 532 3801 fragm.
547 3728 647 3782 incert.
662 3723 728 3781 180.

467 3869 575 3929 XXlV.
597 3866 906 3928 ΧΕΙΜΑΖΟΜΕΝΟΙ.

218 4053 224 4061 -
333 4021 541 4092 Argumentum
554 4015 800 4071 Acharnensimn:
820 4009 943 4090 ἐδιδάχθη
961 4010 1004 4068 tut
1021 4011 1080 4071 Et-

294 4102 410 4178 θυδήμου
425 4101 548 4180 ἄρχοντος
562 4102 588 4159 έν
602 4098 725 4172 Ληναίοις
739 4097 782 4157 διά
804 4096 1019 4176 Καλλιστράτου·
1034 4098 1079 4156 καλ

294 4193 397 4271 πρῶτος
408 4180 450 4260 ἦν.
466 4188 582 4266 δεύτερος
594 4191 644 4267 Κρ.
659 4186 879 4263 Χειμαζομένοις.
898 4188 927 4245 οὐ
940 4185 1078 4255 σώζονται.

294 4278 379 4356 τρίτος
387 4276 502 4342 Εὔπολις
512 4278 684 4352 Νουμηνίαις,
696 4303 708 4328 ν
718 4278 870 4348 Archontis
879 4295 984 4332 nomen
993 4278 1080 4350 vulgo
1141 4297 1148 4319 ν

297 4366 462 4441 Εὐθυμένους
476 4368 613 4441 scriptum
626 4366 756 4421 correxit
772 4365 898 4423 Clinton.
914 4366 991 4420 Fast.
1014 4365 1081 4419 ilel-

296 4457 352 4515 len.
366 4477 395 4530 p.
415 4476 448 4528 71
465 4474 473 4515 :
491 4457 588 4530 itaque
601 4457 629 4509 in
641 4473 754 4510 scenam
766 4453 907 4509 commissi
920 4463 986 4508 sunt
996 4451 1079 4526 Χιιμ.

296 4546 403 4621 olymp.
418 4546 467 4615 88,
488 4552 504 4611 4
521 4543 603 4621 (ante
616 4545 683 4603 Chr.
700 4553 759 4599 nat.
777 4548 832 4608 lai.
847 4541 869 4616 ).
886 4568 899 4592 ν
914 4544 958 4600 Μ.

527 4687 620 4746 XXV.
645 4684 850 4745 ΧΕΙΡΩΝΕΣ.

335 4837 376 4889 De
398 4844 564 4904 argumento
589 4831 689 4886 t‘abulae
714 4830 781 4886 vide
806 4848 868 4904 quae
896 4828 1029 4885 dicentur
1053 4831 1083 4883 in

298 4920 522 4994 fragm-ultimo.

680 5048 706 5086 1.

336 5140 464 5196 Gramm.
484 5140 603 5213 Bchher.
617 5141 726 5197 hneed.
749 5157 781 5212 p.
800 5136 869 5209 335,
886 5156 938 5212 ιο,
955 5134 1080 5209 Ἀγανάνε

297 5225 388 5299 καλὸν,
400 5224 460 5297 ἧδιί.
475 5227 604 5306 Ἀριστορ.
617 5224 785 5306 Λυσιστράτῃ
795 5224 942 5302 (886).Κρ.
951 5223 1083 5304 Χείρωσι·

345 5328 500 5421 Μακάριος
515 5326 578 5407 ini
597 5328 654 5418 πρὸ
670 5336 723 5393 τοῦ
742 5325 844 5410 βιοτὸς

346 5438 480 5525 βροτοῖσι
498 5436 568 5527 πρὸς
585 5431 699 5516 τὰνῦν,
720 5430 752 5496 ὃν
769 5428 852 5521 εἶχον
868 5425 971 5523 ἄνδρες

672 5660 713 5707 10.

250 5766 257 5777 ι
297 5753 323 5794 a.
336 5740 426 5797 Exeita
438 5756 513 5797 nunc
527 5755 608 5806 sane,
623 5755 640 5795 ο
655 5742 753 5804 Musa,
767 5738 903 5795 Creticum
916 5741 1040 5794 cantum!

298 5825 327 5883 b.
341 5827 418 5883 Saue
428 5828 520 5899 igitur,
530 5830 627 5882 Μυσοί
642 5842 705 5883 sero
717 5824 828 5897 quidem
839 5822 918 5890 ades,
929 5840 981 5880 nee
991 5832 1082 5880 tamen

299 5911 394 5968 uenisti
413 5914 569 5984 priusquam
587 5912 763 5979 laborassem,
783 5910 811 5967 id
831 5908 914 5983 probe
934 5910 1016 5977 scit03
1037 5926 1083 5966 ve·

923 5999 1003 6063 [rum
1018 6006 1083 6052 ut...

600 6070 787 6127 elimoniis.

299 6228 381 6284 Beata
396 6228 448 6285 tuit
461 6230 526 6286 olim
542 6231 595 6285 vita
680 6165 704 6213 ¹¹
940 6225 1022 6293 [bant
1035 6224 1085 6281 riri

300 6314 472 6383 mortalibus,
486 6324 640 6391 conparata
661 6317 685 6373 ei
702 6328 765 6387 quae
774 6329 849 6370 nunc
862 6320 918 6379 est,
930 6328 1010 6384 quam
1024 6327 1086 6384 age·

1175 1644 1368 1734 άχανόφρονες
1386 1636 1527 1734 η’δυλόχῳ
1545 1644 1650 1733 σοφία,
1667 1640 1682 1670 ³
1698 1648 1826 1735 βρωτῶν
1850 1651 1920 1738 περὶ

1736 1750 1769 1815 σὲ
1794 1758 1917 1829 καλεῖς.

1126 1878 1211 1930 Versu
1239 1875 1362 1931 tcodex
1387 1874 1523 1931 mendose
1545 1874 1644 1951 βροτὸς,
1667 1876 1770 1933 frustm
1788 1880 1919 1939 bekker.

1126 1960 1189 2039 βίος.
1202 1965 1236 2017 V.
1249 1963 1265 2018 3
1282 1963 1349 2021 cod.
1366 1964 1415 2017 hie
1426 1964 1542 2036 quidem
1556 1965 1655 2039 βροτῶν
1667 1967 1867 2044 περισοκοιλεῖς,
1884 1990 1921 2027 ex

1125 2070 1184 2127 quo
1199 2062 1336 2127 corrupto
1351 2053 1565 2126 exsculpserunt
1580 2055 1801 2127 ineptissimum,
1819 2077 1921 2133 neque

1125 2141 1276 2209 usitatum,
1294 2142 1337 2217 βρ.
1351 2137 1567 2217 περισσοκαλλεῖς
1583 2161 1589 2195 z
1604 2141 1654 2198 sed
1668 2163 1698 2218 p.
1717 2143 1786 2217 329,
1799 2142 1816 2200 5
1830 2144 1921 2220 (uei-

1126 2227 1186 2288 her.
1210 2228 1320 2285 Annot.
1347 2229 1411 2286 crit.
1432 2239 1501 2287 tom.
1522 2229 1557 2298 3,
1578 2250 1608 2305 p.
1631 2232 1719 2303 1106]
1740 2231 1816 2288 idem
1842 2234 1922 2291 liber

1126 2316 1213 2371 habet
1228 2318 1336 2393 βρωτῶν
1348 2311 1421 2393 παρὰ
1436 2316 1492 2392 (vel
1506 2314 1580 2394 περί)
1596 2340 1625 2374 σε
1640 2317 1736 2382 καλεῖς.
1749 2320 1843 2394 Igitur
1857 2322 1920 2378 hac

1124 2404 1209 2459 fuerit
1226 2423 1325 2459 manus
1342 2414 1447 2477 poetae,
1470 2407 1607 2482 βρωτῶν
1625 2403 1753 2484 περίσσ’
1774 2404 1920 2481 ἕκηλοι,

1124 2490 1357 2547 ciboabuisdante
1367 2499 1497 2561 contenti,
1511 2496 1657 2568 quietique
1669 2496 1795 2550 viventes
1809 2515 1815 2550 :
1828 2508 1921 2553 notus

1124 2581 1298 2635 accusativus
1309 2580 1437 2640 causalis.
1453 2611 1493 2624 -
1507 2582 1646 2656 Congruit
1657 2582 1735 2637 hisce
1749 2584 1923 2657 proximum

1124 2664 1321 2741 fragmentum.

1506 2766 1532 2803 2.

1166 2858 1267 2918 Athen.
1284 2877 1330 2931 ιο,
1345 2877 1375 2932 ρ.
1394 2856 1497 2930 553,r.
1514 2877 1520 2912 ε
1535 2856 1580 2913 καὶ
1594 2854 1638 2913 τὸν
1649 2856 1691 2913 inl
1703 2856 1925 2933 Θεμιστοκλέους

1125 2943 1152 3002 δέ
1168 2944 1223 3023 βίον
1238 2945 1415 3016 Τηλεκλείδης
1428 2945 1454 3001 έν
1468 2941 1631 3022 Πρυτάνεσιν
1651 2943 1732 3025 topic
1745 2945 1810 3004 ὄντα
1825 2970 1922 3026 παρα-

1125 3031 1226 3091 δίδωσι.
1244 3034 1295 3109 Κρ.
1310 3034 1333 3089 δ’
1349 3034 1375 3089 ἐν
1390 3032 1506 3110 Χείρωσι
1520 3029 1568 3103 τὴν
1583 3030 1682 3113 τρυρὴν
1698 3034 1850 3112 ἐμφανίζων
1869 3036 1924 3109 τὴν

1124 3125 1176 3180 τῶν
1190 3119 1354 3198 παλαιτέρων
1374 3119 1452 3200 ρησῖν

1174 3234 1297 3304 λπαλὸν
1334 3230 1368 3303 δὲ
1398 3232 1584 3328 σισίμόριον,
1613 3237 1803 3329 ἢκρίνον,ἢ
1832 3235 1923 3331 ῥόδον

1639 3341 1711 3434 παρ’
1729 3342 1778 3421 οὖς
1796 3345 1923 3415 ἐθάκει·

1175 3449 1242 3542 περὶ
1255 3448 1340 3541 χερσὶ
1357 3443 1390 3514 δὲ
1419 3455 1516 3539 μῆλον
1536 3451 1613 3539 ἔχων
1638 3447 1830 3543 (σκήπτρῳ)
1851 3455 1921 3521 σκί-

1613 3557 1700 3622 πωνά
1715 3553 1741 3622 τ’
1756 3554 1918 3651 ἠγόραζον.

1123 3689 1157 3743 V.
1178 3705 1189 3741 t
1211 3688 1290 3761 prius
1304 3683 1321 3755 ἤ
1337 3684 1452 3741 addidit
1468 3686 1566 3754 Mein,
1586 3702 1668 3739 versu
1689 3704 1706 3739 a
1733 3703 1835 3741 errore
1856 3687 1920 3744 fre·

1126 3776 1226 3851 quenti
1238 3774 1304 3829 libri
1324 3770 1397 3850 παρίι
1411 3770 1505 3850 χερσί;
1518 3772 1663 3846 iidemque
1674 3771 1742 3849 ἔχων
1757 3773 1882 3831 σκίπωνά
1895 3774 1922 3833 τ’

1125 3862 1185 3937 ηρ,
1200 3860 1274 3917 forte
1299 3862 1430 3936 neglecto
1449 3857 1578 3938 σκήπτρῳ
1599 3871 1664 3916 unte
1683 3879 1789 3917 nomen
1811 3863 1917 3921 simile.

1127 3950 1293 4005 Herodotus
1311 3946 1407 4023 1,195‚
1424 3946 1461 4005 de
1470 3949 1632 4023 Babyloniis
1647 3967 1791 4022 exponens
1807 3945 1819 4003 ε’
1830 3971 1920 4029 αρρη·

1124 4037 1185 4111 γῖδα
1201 4033 1228 4093 δὲ
1248 4033 1357 4101 ἕκαστος
1372 4032 1428 4114 ἐχιι
1442 4033 1488 4092 καί
1508 4037 1641 4113 σκῆπτρον
1661 4032 1861 4113 χειροποίητον·
1874 4036 1922 4110 ἐφ’

1126 4120 1229 4202 ίκάστιρ
1245 4121 1273 4181 δὲ
1289 4122 1416 4203 σκήπτρῳ
1430 4121 1520 4181 ἔπεστι
1539 4122 1716 4198 πεποιημένον
1736 4121 1755 4193 i,
1778 4124 1878 4198 μῆλον,
1900 4123 1920 4194 ἦ

1127 4209 1209 4288 βάδον,
1219 4209 1236 4281 ἢ
1247 4211 1342 4289 κρίνον,
1353 4209 1370 4281 ἢ
1382 4209 1476 4281 αίιτδς,
1488 4209 1579 4281 ἢάλλο
1588 4234 1624 4270 τι.
1638 4212 1762 4269 hleinek.
1774 4208 1844 4287 μετὰ
1853 4234 1919 4290 χερ·

1126 4321 1183 4369 σιν,
1212 4303 1347 4376 supplens
1370 4299 1479 4365 ἕκαστος
1503 4313 1569 4375 post
1592 4300 1685 4375 μῆλον.
1713 4300 1790 4380 Ere,
1813 4301 1919 4376 sisym-

1124 4387 1222 4449 brium
1254 4390 1423 4444 nasturtium
1449 4390 1536 4447 Linn.
1568 4388 1804 4447 Brunnenlresse.
1843 4388 1919 4468 llap’

1125 4465 1168 4540 οὖς
1180 4473 1283 4547 ἐθάκει,
1296 4483 1358 4532 auri
1368 4479 1508 4532 insidebat
1523 4498 1532 4530 .·
1549 4477 1703 4553 descriptio
1715 4495 1828 4533 coronae
1843 4499 1918 4554 poe·

1126 4566 1191 4623 tica.
1204 4568 1247 4622 De
1260 4568 1350 4622 verbo
1373 4564 1500 4642 ἠγόραζον
1517 4568 1606 4622 relato
1625 4567 1663 4622 ad
1682 4564 1749 4644 ἔχων
1765 4587 1794 4625 v.
1809 4566 1916 4628 Matri.

1126 4655 1173 4711 Gr.
1186 4654 1213 4729 S.
1224 4654 1292 4723 301,
1308 4673 1418 4729 nosque
1430 4654 1468 4709 ad
1478 4655 1611 4727 Thucyd.
1628 4674 1654 4723 1,
1671 4655 1737 4711 106.

1507 4767 1533 4822 3.

1168 4877 1245 4933 l‘lut.
1265 4881 1330 4936 Vita
1348 4880 1464 4934 Periclis
1478 4898 1542 4953 cap.
1564 4878 1591 4948 3,
1614 4879 1758 4952 decapite
1774 4878 1917 4937 illiusde·

1129 4967 1212 5022 sormi
1227 4968 1315 5023 verba
1329 4966 1436 5023 faciens
1453 4987 1459 5020 τ
1482 4964 1539 5023 ὅθεν
1551 4965 1579 5021 ul
1594 4962 1641 5040 μὲν
1654 4965 1748 5030 εἰκόνες
1760 4964 1839 5023 αὐτοῦ
1851 4986 1918 5045 σχε-

1129 5053 1171 5110 δὸν
1186 5053 1287 5110 ἅπασαι
1300 5052 1406 5132 κράνεσι
1418 5052 1633 5133 περιέχονται...
1649 5053 1673 5108 ol
1688 5053 1711 5109 δ’
1728 5050 1839 5111 Ἀττικοῖ
1854 5075 1918 5133 σχι-

1128 5138 1271 5213 νοκέφαλον
1285 5139 1362 5197 αὐτὸν
1384 5140 1510 5199 ἐκάλουν·
1528 5138 1577 5210 τὴν
1593 5138 1644 5218 γὰρ
1665 5136 1774 5196 σκίλλαν
1789 5136 1861 5197 ἐστιν
1873 5140 1919 5199 ὅτι

1128 5228 1172 5285 καῖ
1197 5236 1285 5306 σχῖνον
1306 5227 1470 5303 ὀνομάζουσι.
1491 5230 1543 5285 τῶν
1564 5226 1592 5285 δέ
1612 5229 1737 5302 κωμικῶν
1757 5229 1771 5285 ὁ
1792 5225 1841 5302 μέν
1859 5230 1915 5309 Κρ.

1128 5319 1155 5374 ἐν
1170 5319 1204 5376 X.

1101 5463 1105 5509 ι
1179 5433 1288 5510 Στάσις
1306 5428 1341 5500 δὲ
1362 5433 1415 5499 καὶ
1437 5428 1616 5524 πεσθυχενλς
1634 5430 1768 5522 Κρόνος,

1129 5651 1228 5724 placidi
1240 5604 1398 5723 suavilodua
1408 5651 1555 5723 sapientia,
1567 5665 1617 5705 nec
1627 5648 1735 5705 solliciti
1748 5647 1810 5703 cibo
1825 5647 1915 5722 largo.

1506 5753 1532 5801 2.

1129 5847 1319 5916 Tenemmque
1334 5842 1525 5915 sisymbrium,
1537 5842 1580 5898 vel
1594 5842 1683 5898 lilium
1706 5839 1749 5897 vel
1766 5855 1847 5911 rosa,
1874 5844 1918 5901 in·

1702 5929 1824 6000 [siciebat
1837 5934 1918 6002 auri,

1129 6038 1156 6088 et
1170 6030 1199 6084 in
1213 6027 1339 6086 manibus
1348 6026 1479 6083 habentes
1493 6024 1595 6082 malum
1617 6030 1753 6095 (seeptro)
1771 6024 1918 6084 baculum.

1572 6113 1916 6189 [que,coneiombantm.

1508 6209 1533 6258 ³.

1134 6305 1276 6365 Discordia
1289 6323 1353 6363 vero
1367 6315 1395 6363 et
1406 6320 1525 6362 annosus
1538 6306 1669 6360 &turnus
