4084 8009
907 1519 1091 1579 t't'ite'iitu.
1755 1522 1810 1571 ⁷⁰¹

267 1667 344 1758 πρὸς
352 1658 503 1730 εύσέόειαν
516 1668 647 1727 πλεῖστα
658 1652 976 1751 προσενόνεχθύλως,
1099 1660 1139 1728 τὰ
1155 1656 1270 1752 πάτρια
1293 1652 1520 1749 διατηροῦντες,
1545 1656 1619 1744 οἷπερ
1641 1661 1712 1745 ἡμῖν
1734 1659 1809 1746 μόνα

271 1782 299 1857 β.
313 1771 453 1839 Τοιοῦτόν
471 1772 535 1835 ἐστι
551 1778 663 1855 τοῦτος
682 1792 715 1833 α.
731 1763 819 1831 Πάνυ
832 1788 888 1855 γε,
909 1765 976 1854 βάρι
1031 1765 1074 1835 ο5
1102 1769 1217 1835 ἅπασιν
1235 1767 1313 1858 άρχὴ
1328 1767 1430 1859 γέγονε
1444 1774 1499 1841 τῆς
1515 1764 1677 1855 σωτηρίας,

270 1890 320 1946 τοῦ
334 1870 493 1971 θηριώδους
508 1872 562 1940 καὶ
574 1862 785 1966 παρασπόνδου
802 1870 866 1955 βίου
884 1864 979 1963 [bopo
1104 1878 1137 1958 β.
1149 1873 1264 1951 Καινὸς
1277 1872 1423 1964 πάρεστιν
1436 1868 1538 1937 ebraei
1552 1868 1752 1959 Παλαίφατος
1767 1864 1774 1933 !
1802 1903 1806 1910 ·

225 1985 244 2054 5
272 1989 351 2077 ἡμᾶς
365 1982 423 2076 γὰρ
438 1982 636 2060 ἀπολύσασα,
650 1977 701 2046 καὶ
716 1988 771 2055 τῆς
788 1969 947 2066 δυσχεροῦς
1103 2008 1136 2047 α.
1154 1978 1247 2048 Μετὰ
1264 1990 1362 2045 ταῦτα
1376 1977 1518 2071 γαστρίον
1531 2004 1579 2054 τις
1595 1979 1812 2068 ὠνθυλευμένον

273 2086 516 2181 ἀλληλοφαγίας,
534 2084 622 2180 ἤγαγ’
638 2085 678 2162 εἰς
691 2083 778 2165 τάξιν
794 2080 882 2164 τινὰ,
1103 2086 1260 2179 προϊόντος
1277 2081 1468 2175 εἰσηνέγκατ’
1485 2079 1545 2157 iil
1561 2094 1614 2150 τοῦ
1631 2086 1746 2177 χρόνου·

274 2198 325 2263 καὶ
340 2195 459 2262 τουτονὶ
473 2189 628 2286 περιῆψεν,
639 2189 673 2257 ἡν
685 2188 746 2257 νυνὶ
762 2189 825 2274 βίον
1103 2194 1198 2286 ἔριφον
1211 2192 1333 2283 τακερὸν
1348 2193 1510 2282 ἔμπνικτον
1528 2183 1657 2281 άκριύῶς
1672 2182 1808 2271 dimam,

273 2299 384 2395 ζῶμεν.
399 2304 428 2384 β.
443 2298 520 2366 Τίνα
532 2297 662 2391 τρύπον;
680 2322 712 2362 α.
727 2296 882 2386 Πρόσεχε,
898 2294 984 2388 κάγώ
1032 2294 1078 2367 3ο
1103 2297 1305 2391 περικόμματι
1336 2289 1366 2362 δ’
1402 2286 1597 2390 ἐπιγίγγρασ’
1626 2297 1813 2387 ὑποκρούσας

805 2425 853 2467 σοι
868 2400 982 2491 φράσω.
1707 2408 1816 2493 γλυκεῖ

276 2507 508 2603 λλληλοφαγίας
523 2508 577 2576 καὶ
586 2518 684 2574 κακῶν
701 2507 795 2573 ὄντων
812 2515 937 2596 συχνῶν,
1106 2508 1191 2598 ἰχθύν
1205 2511 1488 2601 παρεισεκύκλησεν,
1505 2510 1561 2595 ούχ
1570 2508 1714 2597 ὁρώμενον

210 2640 250 2683 ιο
276 2618 432 2708 γενόμενος
449 2612 602 2709 ἅνθρωπός
616 2640 661 2691 τις
676 2618 729 2681 ούκ
744 2607 920 2703 άύέλτερος,
1103 2614 1248 2707 λαχάνῳ,
1263 2612 1389 2707 τάριχος
1396 2605 1714 2705 πολυτελὲςχόνδρον,
1731 2616 1811 2703 μελε.

277 2723 364 2799 θύσας
382 2723 505 2815 ἱερεῖον,
521 2728 639 2813 πρῶτος
656 2721 796 2791 ὤπτησεν
812 2720 908 2811 κρέας·
1105 2715 1146 2796 d,
1159 2722 1236 2787 πολὺ
1250 2712 1285 2787 δὲ
1299 2717 1354 2787 διὰ
1371 2718 1426 2796 τὰς
1445 2711 1571 2801 ἡδονὰς,
1589 2715 1623 2794 ἂς
1644 2730 1692 2784 νῦν
1710 2722 1813 2811 λέγω,

278 2835 317 2906 ὡς
333 2821 363 2894 δ’
381 2828 416 2903 ἡν
430 2829 466 2895 τὸ
483 2831 571 2919 κρέας
580 2820 665 2900 ἡδιον
674 2825 829 2918 ἀνθρώπου
843 2833 954 2916 κρεῶν,
1107 2826 1210 2920 ἀπεῖχ’
1226 2828 1349 2903 ἕκαστος
1364 2837 1415 2892 τοῦ
1433 2832 1537 2917 φαγεῖν
1552 2820 1588 2888 ἂν
1605 2825 1653 2890 ἔτι
1667 2836 1765 2907 νεκροῦ
1779 2876 1789 2910 ,

277 2938 383 3013 αὐτοὺς
405 2936 458 3025 μὲν
476 2938 729 3025 ούκ·έμασῶντο,
750 2928 791 2998 τά
816 2926 851 2998 δὲ
875 2934 987 3016 βοσκὴ·
1035 2927 1079 2999 35
1105 2937 1207 3008 αὐτοῖς
1219 2931 1351 3009 εἴπαντες
1364 2925 1466 3008 η’ἱίυυν
1482 2926 1594 3012 συζῆν,
1612 2931 1705 3020 ὄχλος

648 3115 651 3120 ¹
906 3061 989 3128 ματα
1106 3032 1267 3130 ἡθροίζετ’,
1284 3038 1410 3131 ἐγένονθ’
1428 3037 1460 3101 αἱ
1473 3037 1575 3112 πολεις
1589 3036 1761 3128 οἰκούμεναι

279 3145 396 3220 θύοντες
412 3147 532 3211 ὤπτων·
550 3149 589 3223 ὡς
603 3138 633 3211 θ’
650 3138 732 3223 ἅπαξ
747 3153 803 3219 τῆς
818 3134 926 3220 ἡδονῆς
1107 3134 1228 3217 διὰτὴν
1242 3147 1447 3235 τέχνην,ὅπερ
1462 3139 1549 3228 εἶπα,
1565 3147 1620 3218 τὴν
1630 3148 1815 3238 μαγειρικόν.

213 3250 253 3322 15
280 3252 434 3346 ἐμπειρίαν
450 3249 510 3320 τιν’
529 3246 656 3339 ἔλαθον,
672 3252 765 3345 ἀρχῆς
782 3250 963 3342 γενομένης,
1109 3251 1141 3344 β.
1159 3237 1319 3343 inopem,
1342 3242 1444 3342 χαῖρεθ
1473 3249 1540 3342 περὶ
1559 3244 1629 3318 πόδ’
1651 3246 1677 3316 εἶ
1699 3262 1744 3336 τῷ
1766 3247 1816 3317 δε·

280 3360 316 3425 τὸ
333 3365 596 3451 προσφιλοτεχνεῖν
613 3352 666 3423 διά
682 3383 718 3450 γε
734 3364 794 3423 τῶν
807 3349 989 3445 ἡδυσμάτων
1707 3357 1816 3448 σπότῃ.

281 3463 329 3531 ἐπὶ
343 3472 446 3532 πλεῖον
462 3463 543 3547 ηύξει
558 3466 613 3537 ris
627 3468 800 3557 μαγειρικὴν
817 3463 938 3552 τέχνην.
1109 3486 1141 3526 α.
1168 3459 1376 3554 Καταρχόμεθ
1399 3467 1484 3552 ἡμεῖς
1510 3463 1539 3527 οἱ
1570 3464 1729 3554 μάγειροι,
1756 3463 1820 3528 θύο-

281 3563 357 3637 ὅθεν
376 3566 402 3636 δ’
423 3574 471 3636 ίτι
487 3569 538 3636 καὶ
552 3581 622 3651 νῶν,
638 3578 699 3635 τῶν
713 3568 856 3659 πρότερον
874 3592 988 3659 μεμνη·
1742 3593 1818 3657 μεν,

892 3675 991 3763 μένοι,
1037 3677 1084 3758 qo
1110 3661 1240 3751 σπονδάς
1257 3684 1415 3765 ποιοῦμεν,
1437 3684 1482 3761 τῷ
1503 3673 1638 3765 μάλιστα
1653 3675 1721 3751 τοὺς
1741 3676 1820 3751 θεοὺς

282 3780 321 3849 τὰ
336 3782 501 3875 σπλάγχνα
519 3788 582 3857 τοῖς
599 3780 707 3847 θεοῖσιν
725 3785 859 3846 ὀπτῶσιν
881 3777 989 3872 φλογὶ,
1109 3783 1358 3873 ἡμῒγύπακούειν
1377 3773 1480 3848 διὰτὸ
1496 3781 1581 3848 ταῦθ’
1599 3783 1749 3871 εὑρηκέναι

209 3913 255 3956 20
281 3889 358 3965 εἴλας
374 3891 408 3953 οὐ
422 3887 644 3980 προσάγοντες;
659 3891 693 3952 ού
707 3883 764 3979 γὰρ
782 3882 857 3957 ἡσοιν
869 3878 989 3951 obdiam
1110 3886 1150 3952 τὰ
1166 3885 1304 3978 μάλιστα
1318 3884 1506 3954 συντείνοντα
1516 3888 1588 3979 πρὸς
1598 3887 1635 3952 τὸ
1644 3881 1699 3966 ζῆν
1708 3893 1818 3963 καλῶς.
1880 3931 1882 3934 -

282 3997 323 4072 εἰς
334 4002 388 4070 τὴν
396 3997 462 4062 τότ’
482 3999 582 4060 αὐτῶν
595 4004 702 4087 χρῆσιν
721 3992 915 4085 ἐξευρημένοι·
1113 3996 1140 4073 β.
1161 3986 1235 4085 Ῠπὲρ
1253 3987 1399 4068 εύσεόείας
1420 3985 1449 4056 δ’
1470 3996 1501 4058 ού
1525 3994 1617 4083 σαφὲς
1640 4003 1753 4060 παῦσαι
1773 4000 1823 4060 λέ-

282 4106 321 4177 ὡς
338 4092 367 4165 δ’
390 4101 468 4190 ἤρετ’
486 4103 586 4175 αὐτοῖς
600 4102 734 4191 ὕστερον,
754 4095 877 4175 κάλλυις
893 4097 969 4174 ἅλας
1702 4128 1818 4194 γῶν...
1927 4125 1931 4135 ·

282 4205 499 4298 προσάγουσιν,
523 4211 557 4271 ού
590 4196 620 4269 θ’
652 4207 719 4295 ἱερῷ
740 4230 774 4297 γε
799 4214 842 4290 τῷ
861 4230 992 4297 γεγραμ·
1075 4248 1083 4260 ,
1115 4232 1144 4274 α.
1164 4198 1361 4296 ἥμαρτονβ.
1378 4196 1614 4299 Ᾰλλὰδεῦρυσύ
1631 4201 1770 4283 Ευνείσιθι

892 4313 991 4401 μένῳ,
1044 4308 1089 4380 50
1115 4312 1201 4405 ἐμοὶ,
1219 4311 1259 4379 τά
1277 4308 1307 4379 τ’
1323 4304 1408 4382 ἔνδον
1422 4315 1546 4405 εὐτρεπῆ
1562 4313 1644 4380 ποίει
1657 4307 1771 4378 λαύών.

264 4493 426 4549 colinariam
436 4491 586 4572 plurimum
596 4492 743 4550 contulisse
755 4469 789 4550 ad
802 4492 947 4567 pietatem?
1042 4500 1076 4552 ²5
1093 4446 1311 4554 nobitrommbue
1320 4484 1428 4552 initiu'm
1442 4494 1608 4551 luitsaiutis.

263 4577 291 4634 b.
307 4578 372 4634 'lule
385 4575 517 4650 quiddam
528 4577 581 4634 lroo
594 4580 651 4635 est?
662 4594 688 4635 a.
705 4575 847 4645 Profecto,
861 4595 957 4637 serre:
1096 4584 1124 4641 b.
1137 4586 1228 4641 Νονιια
1238 4583 1283 4641 irie
1294 4583 1368 4642 adest
1387 4576 1574 4657 pampinatam!

266 4664 370 4719 bestiali
381 4665 455 4720 enim
466 4679 498 4721 ae
510 4662 655 4735 loediimga
672 4662 725 4720 vita
1093 4686 1120 4728 a.
1135 4673 1200 4727 Post
1214 4670 1340 4745 beoniam
1350 4669 1468 4744 aliquis,
1483 4669 1646 4744 procedente

229 4756 246 4803 b
265 4749 360 4805 etdira
371 4748 606 4821 anthropophagia
627 4764 678 4805 1¹0⁸
1095 4766 1230 4829 tempore,
1242 4760 1424 4815 uentriculum
1439 4759 1541 4815 lartum
1557 4759 1664 4825 intulit,

267 4834 399 4899 liberans,
410 4834 444 4890 ad
454 4834 579 4891 ordinem
591 4834 729 4907 quendam
741 4832 834 4924 diust,
1096 4844 1209 4904 lroedum
1220 4854 1343 4905 tenerum
1356 4846 1520 4904 suffocatum
1536 4850 1621 4920 perite
1633 4846 1779 4911 dissecuit,

266 4929 293 4976 et
307 4920 395 4988 haue,
410 4936 492 4992 quam
507 4936 582 4977 rruno
596 4920 727 4988 risimus,
738 4923 819 4978 viram
908 4926 993 4991 [earn.
1045 4940 1080 4990 σο
1098 4942 1126 4991 ιι
1139 4935 1265 4991 minutati
1279 4935 1371 5003 dulei,
1383 4933 1567 5007 respondens,

267 5007 350 5064 dedit.
370 5006 396 5061 b.
410 5006 572 5079 Quomodo?
593 5023 618 5064 a.
643 5006 777 5076 amende,
790 5018 818 5066 et
830 5025 879 5084 ego
898 5010 946 5068 tibi
957 5011 996 5067 di·
1097 5022 1197 5093 piscem
1208 5022 1323 5078 minum
1332 5021 1442 5087 intulit,
1454 5037 1509 5079 ηοη
1523 5023 1611 5079 visum

268 5094 360 5165 Quum
377 5092 444 5150 alter
466 5093 582 5151 alterum
603 5092 745 5152 ύοιοτειοι
767 5104 793 5152 et
815 5097 901 5153 muita
926 5098 996 5155 maia
1081 5107 1126 5163 'in
1141 5107 1339 5181 leguminibus,
1352 5109 1548 5168 salsamentum
1568 5109 1745 5182 magnifieum
1758 5149 1765 5174 ,
1778 5106 1832 5163 ad·-

218 5189 249 5237 to
270 5180 351 5237 iromo
364 5182 475 5254 quidam
488 5181 591 5239 exstitit
603 5181 675 5239 iraud
686 5181 858 5255 imprudens,
878 5186 997 5250 fossant,
1522 5196 1594 5264 [dito
1608 5195 1681 5252 farre
1692 5211 1724 5251 ao
1735 5194 1824 5250 melle.

268 5270 314 5341 qui
328 5269 437 5326 victima
451 5269 590 5327 immolata
605 5274 709 5343 primus
721 5271 821 5327 assavit
831 5286 961 5328 carnem:
1097 5282 1234 5353 Quoniam
1255 5290 1347 5340 autem
1364 5282 1469 5340 deliciis
1486 5286 1600 5346 nostris,
1618 5298 1687 5354 quas
1708 5296 1827 5337 comme·

268 5371 354 5427 quum
368 5367 462 5413 autem
478 5356 538 5413 lraee
548 5357 656 5413 suavior
668 5364 740 5413 esset
750 5373 832 5428 quam
846 5357 963 5414 bominis
1718 5371 1826 5435 imore,

270 5460 298 5497 se
311 5444 381 5513 ipsos
391 5443 501 5515 quidem
517 5460 571 5500 non
585 5442 704 5501 edebant
713 5486 720 5510 ,
729 5444 776 5501 sed
787 5439 910 5518 pecudes
1096 5454 1211 5527 quisque
1231 5454 1311 5527 longe
1323 5456 1524 5511 avertebatura
1537 5454 1670 5510 vescendo
1682 5453 1772 5510 adime
1785 5470 1827 5508 m·

154 5597 157 5602 ,
272 5530 298 5583 iu
313 5528 452 5584 sacrifieiis
464 5529 606 5598 meabant,
618 5539 656 5596 et,
674 5529 756 5587 sarnel
1045 5548 1079 5598 se
1093 5556 1189 5598 omnes
1199 5558 1254 5599 una
1264 5543 1352 5600 virere
1365 5543 1502 5608 volebant,
1516 5542 1596 5599 turim
1706 5540 1827 5609 [davene

221 5619 251 5667 tsi
270 5615 388 5684 experti,
400 5616 480 5671 initio
490 5615 581 5682 iacto,
595 5618 762 5689 voluptatem
1097 5627 1321 5700 congregabatur,
1337 5626 1448 5695 debant,
1459 5636 1490 5683 ut
1501 5626 1567 5690 diti,
1578 5612 1661 5683 urbes

270 5700 391 5771 artisque
399 5699 601 5773 ampliticandae
613 5702 735 5759 bellariis
1099 5714 1226 5771 habitatae
1238 5728 1286 5786 per
1296 5721 1386 5771 artem
1397 5714 1597 5788 eoquinariam.

270 5786 400 5855 studiosi,
412 5788 607 5862 promovebant
618 5791 805 5863 oequinariam
817 5795 980 5852 doctrinam.
1101 5802 1128 5859 b.
1141 5802 1181 5859 idi
1195 5802 1296 5868 bomo,
1308 5800 1382 5859 valet
1396 5801 1517 5875 mogi·
1526 5801 1623 5859 iterum
1633 5816 1758 5875 sequere.

270 5873 353 5932 Unde
362 5884 452 5931 autem
462 5890 536 5932 nuno
547 5890 667 5949 quoque,
677 5880 847 5952 antiquitatis
857 5898 1000 5951 memores,
1099 5904 1123 5945 a.
1139 5887 1278 5945 saeridcia
1292 5886 1421 5946 ordimur
1431 5903 1482 5945 nos
1495 5890 1591 5968 poqui,
1605 5888 1779 5944 immolamus

272 5961 372 6019 viscera
385 5961 439 6018 diis
452 5970 545 6019 assam
556 5961 685 6032 flamma,
1047 5982 1083 6042 to
1100 5974 1235 6044 libamus,
1249 5984 1406 6048 propterea,
1421 5977 1486 6050 quia
1502 5978 1625 6051 inprimis
1636 5976 1679 6033 dei

219 6053 253 6101 ao
273 6064 326 6104 non
340 6046 468 6105 adhibitis
480 6046 599 6106 salibus?
611 6049 648 6092 ²—
659 6050 725 6124 quia
733 6058 801 6109 tune
812 6053 954 6138 nondum¹
1102 6062 1180 6119 nobis
1186 6062 1378 6137 obtemperant
1387 6064 1559 6121 intentorum
1571 6073 1726 6121 nostrorum
1736 6079 1829 6127 carisa,

277 6151 312 6192 ne
324 6137 359 6192 ad
372 6137 493 6210 ipsorum
506 6137 618 6211 quidem
631 6155 710 6195 usum
721 6140 822 6198 inventi
831 6153 927 6201 erant:
1103 6165 1165 6221 qum
1176 6150 1293 6206 maxime
1306 6148 1411 6207 iaciunt
1423 6150 1459 6208 ad
1474 6152 1557 6207 vitam
1568 6150 1686 6208 inlicem.

274 6229 406 6303 utentem
420 6222 583 6294 placuerunt
599 6227 638 6282 eis
655 6235 763 6298 postea,
780 6229 861 6286 etiam
874 6232 933 6288 aliis
944 6232 982 6288 sai
1067 6266 1074 6283 ι
1103 6235 1128 6293 b.
1146 6239 1186 6291 lie
1198 6237 1297 6307 pietate
1311 6245 1403 6294 autem
1421 6236 1539 6294 obseura
1555 6239 1628 6311 ioqui
1639 6238 1776 6295 desine...

273 6307 650 6376 addunt,sednourietimae
663 6316 842 6387 praescriptae,
1040 6322 1048 6332 '
1101 6338 1125 6377 a.
1139 6319 1299 6379 Peccabam.
1316 6320 1410 6381 bsed
1424 6323 1480 6381 hue
1490 6324 1573 6381 introi
1768 6307 1772 6319 ’

275 6396 393 6466 patrium
408 6413 513 6455 morem
524 6402 733 6473 serrammqni
746 6400 821 6459 eolus
1048 6414 1082 6464 tt
1102 6424 1225 6475 anetum,
1240 6409 1371 6482 intusque
1384 6428 1482 6486 appara
1495 6420 1614 6486 accepta.
1689 6484 1724 6526 u
