4084 8009
235 1539 292 1591 tto

233 1662 378 1735 lryaenae,u
399 1671 453 1716 ete.
466 1658 508 1716 Cf.
524 1657 687 1715 Schneider.
702 1661 767 1715 Lex.
787 1678 834 1716 νν.
856 1653 970 1734 Μύρμηί
990 1667 1017 1711 et

235 1746 442 1827 Μυρμηκολίων.
465 1751 553 1804 Versu
575 1765 586 1800 ι
611 1743 700 1823 ἄνδρες
721 1748 808 1802 Mein.
837 1764 891 1821 pro
914 1742 1017 1821 dripere.

234 1841 265 1893 V.
285 1837 300 1893 3
314 1838 439 1892 Valesius
453 1832 523 1893 σιτί.
538 1832 632 1892 Codd.
650 1830 709 1897 συὸς
721 1834 765 1890 vel
778 1830 819 1891 ού.
832 1836 962 1889 Erasmus
977 1837 1019 1888 σῖ-

236 1945 288 1981 τον.
299 1923 382 1982 Coos.
399 1919 630 1997 Aristophrl'ace
646 1921 701 1976 312
718 1942 724 1977 :
739 1920 916 1997 σιτί’ἡμερῶν
928 1920 1016 1998 τριῶν.

234 2014 368 2071 Ridicula
382 2013 418 2070 de
440 2011 668 2087 Myrmidonibus
682 2030 720 2082 ν.,
743 2014 768 2067 si
785 2014 855 2066 tanti
869 2021 927 2081 est,
944 2009 1021 2084 apud

237 2104 328 2176 lleyn.
344 2102 380 2158 ad
393 2099 605 2175 Apollodorum
618 2098 647 2169 3,
667 2118 710 2169 ια,
720 2099 738 2174 S
750 2098 768 2155 6
783 2110 812 2155 et
825 2118 853 2168 7.

496 2259 549 2319 lll.
572 2258 772 2317 ΔΑΙΔΑΛΟΣ.

278 2549 380 2603 Athen.
394 2546 424 2616 6,
435 2566 465 2620 p.
477 2553 544 2615 πίῃ,
555 2550 595 2618 Λ,
609 2562 709 2600 vocem
724 2542 847 2607 ἐπισίτιος
862 2542 1020 2617 explicans:

238 2636 271 2695 Ε.
286 2633 309 2692 δ’
321 2635 347 2691 ir
361 2633 493 2711 Δαιδάλῳ,

336 2789 384 2799 -
398 2744 501 2815 Edeta
515 2742 544 2813 θ’
560 2745 629 2814 ἄνευ

289 2856 390 2947 μισθοῦ
402 2852 472 2945 παρ’
487 2858 590 2930 αὐτοῖς
605 2856 782 2944 καταμένειν
793 2852 949 2928 ἐπισίτιος.

619 3017 649 3055 2.

215 3175 223 3187 .
282 3131 399 3187 Antiatt.
421 3149 449 3203 p.
470 3130 535 3197 108,
554 3134 597 3197 rh,
615 3124 734 3204 Μηχίε
757 3130 790 3192 ύις
809 3125 880 3204 ναιχί
896 3127 940 3183 καὶ
956 3119 1024 3200 οὐχί.

243 3216 274 3275 Ε.
292 3220 323 3275 Δ.

622 3330 649 3387 3.

283 3458 451 3514 l'lrcmistius
466 3459 499 3511 ln
518 3459 631 3511 Aristot.
649 3458 691 3512 lle
713 3458 806 3512 onium
825 3475 850 3525 1,
876 3456 891 3510 3
914 3476 920 3509 :
942 3451 1030 3525 Δημό·

243 3564 343 3620 κριτος,
355 3540 548 3620 παραπλησίοις
556 3540 639 3617 λέγων
652 3542 782 3620 Φιλίππῳ
796 3544 833 3621 τῷ
844 3541 1029 3620 κωμῳδοδιδα-

245 3628 349 3709 σκιίλῳ·
366 3627 430 3707 φησὶ
455 3628 505 3706 γὰρ
527 3628 571 3685 τὸν
594 3628 725 3688 Δαίδαλον
747 3628 899 3703 κινουμένην
923 3632 1031 3699 ποιῆσαι

244 3716 293 3788 τὴν
308 3715 410 3786 ξυλίνην
424 3714 585 3794 Ἀφροδίτην,
600 3714 729 3792 ἐγχέαντα
749 3716 860 3795 οίργυρον
882 3715 973 3793 χυτόν.
990 3720 1032 3773 De

246 3810 290 3864 his
304 3809 389 3865 Mein.
408 3807 480 3864 llist.
495 3807 559 3862 crit.
576 3808 656 3864 Com.
670 3826 702 3880 p.
715 3807 770 3872 θύα
790 3824 797 3862 :
816 3832 827 3855 ι
842 3807 896 3863 Vix
907 3806 1031 3861 dubitari

246 3906 339 3970 potest
353 3896 423 3968 quin
438 3895 497 3949 haec
512 3913 546 3950 ex
568 3894 667 3950 eadem
681 3894 797 3951 Dacrhlo
813 3894 939 3949 derivata
960 3895 1032 3965 sint,

247 4001 332 4055 quam
352 3981 465 4039 Eubulo
490 3982 620 4037 tribuunt
639 3983 738 4037 Athen.
758 3981 789 4048 6,
813 3999 843 4054 p.
867 3988 934 4051 πίῃ,
957 3983 987 4049 Α,
1006 3990 1034 4034 et

247 4072 366 4126 Antiatt.
380 4070 519 4125 Praeterea
530 4071 692 4144 Philippum
705 4069 917 4144 (Aristophanis
929 4067 1033 4142 filium)

248 4168 473 4214 commemorant
494 4157 594 4214 Suidas
618 4177 646 4212 ν.
674 4155 870 4231 Ἀποσιμῶσιιι,
895 4169 924 4213 et
950 4158 1032 4215 Stob.

248 4250 339 4305 Serm.
355 4246 405 4316 62,
420 4244 470 4317 35,
488 4264 668 4320 quanquam,
683 4248 732 4320 qui
747 4246 787 4301 ibi
802 4245 954 4301 laudantur
970 4247 1035 4300 Phi-

248 4338 321 4412 lippi
333 4354 443 4405 versus,
457 4336 493 4390 ab
510 4323 612 4392 eddam
632 4336 746 4392 Stobaeo
762 4354 813 4409 92,
834 4356 861 4405 7,
878 4335 1036 4390 Menandro

250 4424 424 4482 tribuuntur.
445 4448 456 4472 ιι
476 4424 587 4479 Dixerit
607 4425 693 4498 igitur
716 4422 865 4497 Philippus
880 4424 923 4477 vel
939 4423 1036 4476 Eubu-

249 4512 315 4567 lus:

300 4618 326 4690 ί)
342 4618 488 4701 Δαίδαλος
504 4628 615 4716 ἐγχέας
630 4624 764 4696 ἐποίησεν
779 4620 904 4716 ἄργυρον

301 4730 392 4820 χυτὸν
409 4724 576 4819 λῳρυθίτην
598 4734 653 4801 τήν
668 4724 785 4805 ξυλίνην
800 4732 982 4799 κινουμένην.

494 4905 559 4963 xlt.
583 4906 792 4964 sartham.

295 5050 406 5102 Nomen
420 5047 582 5117 insolitum,
598 5049 627 5101 in
639 5067 697 5121 quo
710 5060 804 5122 potest
819 5061 850 5103 ut
868 5071 884 5104 α
900 5061 993 5104 ortum
1008 5051 1043 5103 sit

256 5158 288 5193 ex
303 5158 339 5204 ει,
356 5146 383 5191 et
404 5134 587 5190 scribendum
612 5134 733 5207 Δαμύλιι
750 5156 755 5189 :
775 5155 839 5190 nam
855 5136 935 5209 quod
955 5139 1041 5191 llem-

257 5227 395 5283 sterhusio
416 5225 447 5278 in
467 5236 591 5279 mentem
612 5226 704 5288 venit,
730 5227 769 5279 ita
794 5238 962 5300 corruptum
985 5244 1042 5280 esse

258 5309 415 5388 Ἀμαλθεία,
443 5312 490 5366 vix
513 5322 594 5367 etue
617 5314 663 5367 rix
688 5313 804 5385 quidem
833 5314 969 5368 credibile
988 5323 1040 5370 est.

258 5402 357 5457 Suidas
378 5421 404 5453 v.
419 5398 615 5471 Ἂσκωλιοίζιιν,
633 5402 681 5455 ubi
702 5403 785 5455 etiam
808 5403 867 5475 ipse
882 5402 933 5456 hos
949 5418 1044 5457 versus

144 5536 147 5544 .
259 5486 360 5558 habet,
375 5485 511 5565 Δαμαλίηι.

301 5574 397 5635 Schol.
412 5578 497 5633 Arist.
516 5575 592 5633 Pluti
615 5576 708 5631 1130:
725 5574 859 5653 >topiarii
874 5575 1045 5643 ἀσκωλιάζειν

261 5662 348 5738 ἔλεγον
359 5662 389 5719 τὸ
404 5663 447 5720 ἐπί
462 5664 513 5719 τῶν
534 5663 622 5720 σἰοκιῖιν
642 5660 767 5719 ἅλλεσθαι
781 5665 856 5721 ἕνεκα
875 5669 919 5721 τυῐιΙ
934 5668 1046 5739 γελωτο·

261 5757 352 5808 ποιεῖν,
369 5752 394 5805 ἐν
410 5750 483 5829 μέσῳ
498 5748 525 5807 δὲ
542 5755 586 5806 τοῦ
599 5751 707 5828 θεάτρου
728 5750 840 5808 ἐτίθεντο
854 5749 949 5816 ἀσκοὺς
963 5773 1047 5829 περυ-

744 1526 882 1585 MliDlAE
903 1520 1106 1584 COMOEDlAE
1128 1522 1338 1597 RELlQUlAE.

1064 1653 1191 1728 σημίνυυς
1205 1655 1250 1714 καί
1263 1653 1474 1731 ἀληλιμμένους,
1490 1655 1525 1719 τίς
1539 1654 1581 1721 ob<
1596 1656 1764 1732 ἐναλλόμενοι
1783 1661 1845 1717 ὠλί-

1064 1746 1165 1816 σθανον,
1177 1742 1294 1822 καθάπερ
1308 1744 1341 1803 E.
1358 1744 1384 1799 ίν
1396 1741 1535 1821 Δαμσλιίρ
1548 1744 1608 1819 (sie)
1618 1744 1696 1822 φησίν
1708 1744 1806 1821 οὕτως,

1113 1857 1179 1924 Καὶ
1193 1861 1264 1950 πρός
1278 1885 1313 1952 γε
1324 1861 1439 1934 τούτοις
1452 1855 1595 1949 (τοῦτον)
1604 1862 1695 1927 ἀσκὸν
1711 1862 1750 1940 είς
1762 1870 1849 1955 μέσον

1114 1964 1294 2041 καταθέντες
1309 1963 1498 2044 εἰσιίλλεσθε,
1510 1964 1561 2029 καὶ
1576 1965 1729 2056 καχοίζιτι
1739 1972 1752 1999 *

1115 2068 1165 2135 ἐπὶ
1179 2077 1244 2146 τοῖς
1259 2074 1483 2161 καταρρέουσιν,
1501 2071 1562 2136 ἀπὸ
1576 2071 1796 2165 κελεύσματοςί

1066 2196 1173 2253 Eadem
1189 2218 1237 2273 ap.
1252 2199 1369 2254 Suidam
1389 2217 1418 2253 ν.
1436 2195 1628 2272 Ἀσκωλιοίζιιν,
1651 2205 1701 2276 qui
1717 2203 1744 2259 ἐν
1756 2208 1852 2278 Δαμα-

983 2296 990 2306 “
1069 2284 1125 2365 tta„
1139 2289 1227 2344 Versu
1241 2307 1251 2342 1
1266 2288 1355 2346 schol.
1365 2284 1474 2351 τούτοις.
1487 2287 1627 2362 Harpocr.
1641 2292 1671 2343 in
1685 2291 1751 2349 cod.
1766 2294 1851 2348 lllarc.

1068 2394 1099 2448 p.
1119 2374 1154 2444 37
1171 2373 1290 2432 Belher.
1312 2376 1388 2429 τοῦτο
1401 2392 1456 2449 pro
1474 2376 1575 2444 τοῦτον,
1594 2387 1627 2431 ut
1641 2379 1756 2452 opinor,
1774 2382 1853 2452 quod

1069 2462 1100 2514 in
1125 2461 1244 2534 vulgatis
1271 2462 1349 2517 libris
1371 2462 1510 2518 exciderit
1532 2475 1596 2537 post
1620 2464 1711 2519 simile
1741 2463 1850 2530 τούτοις.

1069 2549 1207 2604 Brutleius
1220 2550 1251 2603 in
1262 2547 1318 2605 line
1331 2568 1425 2605 versus
1438 2548 1564 2605 addebat
1581 2548 1679 2627 χαμαί.
1696 2555 1729 2606 V.
1748 2572 1853 2631 arey,

1070 2637 1168 2707 attice,
1186 2647 1218 2691 ut
1236 2642 1285 2693 Ar.
1302 2638 1408 2697 Eccles.
1430 2637 1498 2711 849.
1518 2640 1609 2693 hlinus
1622 2648 1699 2694 recte
1717 2641 1807 2698 schol.
1828 2653 1856 2696 et

1071 2723 1171 2782 Suidas
1186 2723 1340 2800 καγχάζετι.
1355 2725 1444 2781 Valde
1462 2737 1608 2800 suspectus
1624 2738 1666 2782 est
1681 2728 1774 2783 hiatus
1792 2739 1857 2802 post

1071 2808 1212 2887 καχύζιτε,
1240 2815 1424 2887 suspicorque
1458 2814 1601 2871 Eubulum
1629 2802 1772 2888 scripsisse
1803 2837 1852 2870 κοι-

1071 2898 1181 2976 χοίζιθ
1195 2896 1240 2975 ἓν,
1254 2901 1283 2958 h.
1299 2919 1325 2956 e.
1347 2898 1477 2977 καχάζετέ
1492 2923 1533 2971 τι,
1549 2902 1585 2958 de
1603 2922 1662 2976 quo
1678 2923 1706 2960 ν.
1726 2923 1791 2961 ann.
1820 2904 1855 2957 ad

1072 2997 1271 3061 argumentum
1298 2989 1416 3044 altarum
1444 2989 1599 3046 Alcestidis.
1633 2990 1742 3045 Eodem
1768 2992 1856 3045 modo

1072 3075 1224 3131 Germani:
1239 3074 1404 3130 locdteiar!
1415 3078 1447 3134 V.
1463 3077 1479 3132 3
1496 3078 1586 3150 llarp.
1601 3079 1707 3132 omittit
1719 3075 1771 3133 ἀπὸ
1786 3079 1841 3133 κελ.

1299 3223 1379 3281 ΧΙΙΙ.
1400 3223 1630 3283 ΔΕΥΚΑΛΙΩΝ.

1116 3354 1217 3407 Athen.
1238 3355 1264 3422 3,
1278 3373 1306 3427 p.
1327 3371 1391 3421 roo,
1409 3355 1440 3429 E,
1454 3354 1490 3409 de
1504 3350 1592 3431 μήτρηι
1608 3354 1705 3410 dicens
1723 3373 1729 3413 :
1748 3356 1779 3413 F..
1795 3353 1818 3409 δ’
1833 3356 1858 3411 ἐν

1076 3438 1247 3509 Δευκαλίωνι,

1126 3547 1268 3633 ίίποίτια,
1284 3562 1403 3636 νῆστις,
1420 3557 1601 3646 πλεύμονες,
1621 3558 1734 3646 μιίτρα.

1079 3682 1113 3735 Et
1126 3700 1155 3755 p.
1176 3700 1241 3749 rop,
1256 3683 1276 3736 l*
1292 3702 1297 3734 :
1312 3680 1451 3749 ἡπάτιον
1462 3680 1485 3737 δ’
1496 3680 1597 3760 είρηκιν
1613 3683 1644 3741 E.
1662 3682 1687 3738 ίν
1700 3688 1779 3741 deur.

1310 3827 1391 3885 xlv,
1414 3826 1631 3885 ΔΙΟΝΥΣΙΟΣ.

1121 3949 1208 4023 llujus
1223 3948 1370 4005 comoediae
1384 3950 1496 4004 titulum
1508 3961 1537 4004 et
1550 3961 1746 4024 argumentum
1762 3972 1778 4006 a
1797 3955 1863 4008 llio·

1080 4041 1178 4113 nysio,
1204 4038 1304 4094 Siciliae
1329 4047 1467 4111 tyranno,
1503 4036 1622 4092 ductum
1647 4057 1721 4109 esse,
1748 4051 1864 4095 testatur

1081 4128 1184 4184 Athen.
1207 4127 1236 4196 6,
1257 4146 1284 4200 p.
1306 4125 1375 4196 260,
1396 4127 1427 4183 C
1452 4127 1590 4199 Regnavit
1613 4137 1707 4181 autem
1733 4130 1779 4183 ille
1801 4140 1866 4202 post

1085 4226 1206 4271 mortem
1216 4216 1305 4288 patris
1316 4215 1494 4288 cognominis
1502 4214 1538 4269 ab
1551 4216 1660 4289 olymp.
1669 4216 1744 4292 ¹103,
1759 4235 1769 4269 ι
1787 4219 1865 4287 (ante

1082 4304 1147 4361 cur.
1156 4313 1214 4359 nat.
1227 4301 1300 4375 367)
1314 4321 1403 4375 usque
1415 4302 1452 4357 ad
1464 4302 1572 4376 olymp.
1589 4318 1655 4375 109,
1669 4320 1686 4356 a
1700 4302 1779 4377 (ante
1797 4304 1864 4362 Chr.

1085 4392 1169 4465 342),
1181 4390 1217 4446 de
1231 4387 1314 4463 cujus
1322 4390 1421 4445 dolosa
1432 4391 1560 4461 nequitie
1572 4409 1604 4444 ac
1617 4388 1728 4463 flagitiis
1737 4410 1795 4465 pre
1805 4392 1865 4445 aliis

1083 4479 1269 4552 scriptoribus
1283 4478 1387 4532 multus
1397 4488 1439 4532 est
1450 4478 1478 4531 in
1489 4478 1572 4532 variis
1588 4478 1718 4531 llistoriis
1730 4480 1864 4537 AElianus.

1084 4570 1142 4621 Nec
1154 4568 1227 4621 male
1242 4566 1365 4621 Valerius
1380 4567 1455 4622 blas.
1477 4565 1506 4632 θ,
1526 4584 1564 4639 9:
1581 4589 1592 4613 ι
1613 4566 1765 4637 Dionysius
1779 4550 1866 4639 quum

1086 4656 1249 4709 hereditatis
1259 4656 1374 4708 nomine
1381 4671 1396 4707 a
1404 4663 1487 4727 patre
1497 4655 1737 4726 Syracusanorum
1747 4674 1778 4708 ac
1789 4675 1867 4727 paene

1086 4744 1171 4796 totius
1194 4743 1294 4797 Sicilie
1309 4740 1483 4814 tyrannidem
1498 4742 1665 4813 accepisset,
1685 4744 1867 4797 mammarum

1087 4849 1174 4903 opum
1186 4829 1334 4900 dominus,
1348 4832 1521 4884 exercituum
1537 4830 1611 4896 dux,
1625 4840 1720 4883 rector
1731 4831 1868 4900 classium,

1086 4920 1261 4992 equitatuum
1270 4929 1386 4992 potens,
1397 4928 1516 4992 propter
1528 4918 1653 4989 inopiam
1671 4916 1793 4989 (scilicet
1805 4923 1859 4993 pri-

1087 5024 1164 5060 mum
1184 5026 1199 5061 a
1218 5009 1323 5075 Dione,
1349 5016 1502 5078 posteaque
1526 5022 1541 5058 a
1564 5005 1756 5073 Timoleonte,
1782 5009 1871 5061 victus

1087 5104 1171 5166 atque
1185 5095 1325 5167 expulsus.
1347 5091 1446 5165 Both.)
1465 5093 1572 5146 litteras
1592 5093 1728 5166 puerulos
1743 5094 1869 5147 Corinthi

1088 5182 1196 5237 docuit.
1216 5204 1226 5231 ι
1244 5184 1277 5235 ln
1291 5181 1472 5254 sequentibus
1484 5183 1554 5235 mira
1570 5179 1699 5253 quaedam
1714 5182 1774 5251 ejus
1787 5194 1815 5237 et
1827 5186 1870 5235 ri—

1089 5268 1202 5335 dicula,
1218 5286 1271 5323 nee
1286 5279 1379 5323 tamen
1392 5268 1556 5336 illiberalia,
1567 5279 1781 5340 proponuntur.

1470 5398 1493 5434 l.

1131 5491 1230 5545 Athen.
1247 5489 1276 5561 6,
1290 5508 1319 5563 p.
1338 5489 1406 5556 atio,
1422 5490 1444 5544 C
1457 5506 1463 5544 ε
1475 5486 1507 5542 τὰ
1521 5485 1695 5564 παραπλήσια
1710 5489 1872 5564 (Philippo,

1091 5582 1218 5651 Amyntae
1231 5576 1309 5648 filio)
1325 5573 1406 5631 ἐποίει
1418 5573 1463 5628 καί
1476 5577 1489 5628 θ
1502 5573 1663 5642 Σικελιώτης
1678 5572 1825 5646 Διονύσιος,
1841 5583 1874 5640 ὡς

1093 5666 1125 5723 Ε.
1150 5666 1164 5720 θ
1186 5661 1382 5741 κωμῳδιοποιὸς
1405 5659 1561 5739 παρίστησιν
1585 5663 1611 5718 ἐν
1630 5664 1668 5739 τῷ
1687 5665 1731 5716 τοῦ
1750 5663 1875 5738 τυράννου

1093 5751 1223 5830 ὁμωνύμῳ
1237 5750 1370 5828 δράματι·
1412 5809 1415 5817 ,

871 5869 1072 5880 --

560 5917 751 5975 DAEDALUS.

267 6121 298 6130 --
311 6090 478 6147 Vultautem
493 6092 552 6146 sine
622 6131 624 6134 -
644 6012 656 6061 ¹

267 6175 391 6232 mercede
405 6176 475 6249 apud
486 6194 533 6233 eos
544 6194 654 6233 mamere
667 6194 716 6249 pro
731 6179 800 6232 cilio.

642 6271 668 6319 3.

269 6347 399 6405 bodalus
415 6357 524 6420 argento
539 6349 641 6422 liquido
655 6352 744 6407 inluso
849 6429 852 6434 Ι

1096 5937 1226 5990 Venerem
1238 5934 1356 6005 ligneam
1370 5934 1471 5989 moveri
1487 5932 1560 5988 lecit.

1375 6055 1556 6117 llhlthtS(
1581 6059 1600 6119 ).

1098 6176 1131 6228 Et
1144 6172 1240 6229 deinde
1255 6174 1318 6230 huie
1333 6173 1386 6229 utri
1404 6174 1491 6243 posito
1507 6173 1534 6226 in
1548 6170 1637 6226 mulio

1098 6262 1197 6318 insilite
1210 6262 1326 6317 ridentes

1075 6363 1078 6383 ¹
1099 6367 1162 6413 cos,
1177 6352 1222 6421 qui
1237 6348 1503 6416 delabuntot·,jussit
