4084 8009
791 1525 929 1584 neom
952 1524 1159 1585 commotu
1182 1505 1390 1599 rational

627 1656 700 1716 nv.

447 1788 673 1886 <marmus
698 1788 879 1857 aurion.

313 1977 324 1998 ν
345 1950 433 2021 Hujus
450 1961 559 2006 aetatem
577 1962 606 2005 et
618 1948 744 2006 Platonis
755 1952 862 2006 mentio
874 1950 951 2024 apud
968 1951 1052 2023 Diog.

269 2041 363 2095 Laert.
381 2038 412 2105 3,
427 2038 473 2107 28,
483 2038 606 2107 indicat,
619 2050 647 2094 et
657 2039 727 2108 hoe,
739 2037 820 2111 quod
828 2037 989 2111 Corydum,
1003 2040 1056 2110 Py·

270 2126 437 2199 thagoreos,
460 2126 588 2199 aliosque
613 2125 644 2180 id
664 2143 751 2201 genus
768 2126 897 2181 homines
921 2125 1052 2200 exagitat.

270 2212 299 2265 Si
313 2222 391 2266 certo
414 2223 573 2282 constaret,
600 2214 850 2288 Archephontem,
870 2230 955 2286 quem
978 2212 1056 2286 apud

273 2300 371 2354 Athen.
391 2318 436 2368 11,
449 2318 478 2373 p.
492 2300 559 2374 469,
569 2301 606 2370 C,
619 2311 838 2369 commemorat,
852 2299 973 2356 eundem
983 2318 1053 2369 esse,

269 2385 304 2440 de
320 2404 377 2459 quo
399 2389 493 2461 agitur
509 2387 616 2443 ibidem
637 2386 665 2457 6,
678 2407 708 2462 p.
728 2394 796 2456 alia,
816 2387 852 2458 A,
867 2389 995 2445 Cratinus
1011 2388 1056 2441 vi-

269 2484 324 2526 tam
337 2490 428 2545 usque
442 2474 478 2529 ad
492 2475 635 2531 Ptolemaei
649 2475 826 2549 Philadelphi
841 2485 969 2548 tempora
982 2493 1055 2549 pro-

269 2559 380 2615 duxisse
392 2560 548 2619 videretur.
567 2588 578 2612 ν
596 2564 620 2617 Ε
627 2564 673 2620 Μ.
686 2564 759 2620 Hist.
772 2564 848 2634 crit,
857 2563 909 2618 ubi
922 2562 958 2619 de
969 2563 1055 2617 titulis

268 2646 429 2702 fabularum
453 2650 580 2723 disputat
597 2670 627 2725 p.
648 2658 702 2716 4η
728 2669 822 2725 seqq„
840 2661 868 2706 et
886 2651 922 2707 de
940 2654 1054 2707 Διονυ-

269 2732 483 2813 σαλεξάνδρῳ
504 2739 545 2811 (ν.
565 2740 782 2795 veterisCratini
798 2738 970 2813 fragmenta)
984 2755 1055 2793 con·

266 2821 406 2892 jecturam
420 2825 560 2898 profert,

540 2936 563 2994 l.
588 2937 787 2997 ΓΙΓΔΝΤΕΣ.

651 3067 675 3107 1,
757 3092 760 3095 .

308 3170 411 3224 Athen.
431 3168 476 3240 15,
493 3190 522 3245 p.
541 3170 610 3242 661,
625 3174 648 3227 E
665 3192 670 3226 :
689 3170 841 3245 ἐκσεμνύνει
855 3168 883 3227 δὲ
896 3169 943 3240 τὴν
960 3170 1055 3248 τέχνην

269 3244 525 3332 (τὴνμαγειρικὴν)
550 3256 595 3315 καί
618 3260 632 3315 ὁ
654 3256 778 3338 νεώτερος
803 3258 931 3336 Κρατῖνος
954 3262 980 3317 ἐν
1003 3258 1055 3323 τοῖς

269 3341 380 3417 Γίγασι,
394 3342 477 3419 λέγων

317 3496 363 3506 -
381 3452 512 3549 Ἑνύυμοῦ
529 3454 574 3540 δ’,
591 3459 607 3525 6
622 3471 675 3536 τῆς
690 3471 746 3553 γῆς
759 3486 861 3552 φασιν,
879 3466 919 3537 ὡς

317 3557 395 3647 οἴει,
413 3566 524 3642 καπνός
539 3572 568 3631 τ’
584 3559 715 3656 ἐξέρχετ’
729 3560 934 3657 εὐωδέστερος.

281 3725 287 3734 ,
318 3668 408 3735 Οἰνεῖ
420 3696 484 3754 τις,
501 3678 540 3749 ὡς
555 3674 664 3757 ἔοικεν,
681 3677 771 3758 ἐντῷ
787 3671 926 3763 χάσματι

315 3770 605 3856 λιύανωτοπιύληςῆ
625 3778 766 3873 μάγειρος
781 3779 940 3855 Σικελικός.

270 3906 357 3963 Versu
375 3926 386 3963 t
400 3919 428 3965 ct
443 3927 458 3965 a
478 3909 543 3967 libri
556 3905 677 3987 Ἐνθύμει
692 3906 718 3968 δὲ
733 3911 779 3979 τῆς
791 3911 840 3986 γῆς
851 3910 886 3975 ὡς
900 3902 981 3987 γλυκὺ
994 3906 1055 3981 ὄζει,

214 4006 221 4015 ’
269 3998 352 4054 sedB
367 4002 441 4079 inter
462 4002 509 4075 γῆς
528 4012 554 4058 et
571 4002 607 4067 ὡς
625 4002 724 4058 inserit
747 3998 830 4079 φασί,
846 4019 930 4075 quem
949 4000 1054 4057 librum

268 4097 379 4143 secutus
387 4106 448 4143 sum
458 4130 466 4157 ‚
481 4084 562 4165 γλυκύ
575 4090 681 4146 babens
692 4108 745 4164 pro
756 4090 937 4166 glossemate,
947 4091 1055 4164 quippe

269 4171 435 4247 ταυτολύγον,
446 4195 535 4250 quum
544 4189 679 4251 sequatur
690 4176 869 4255 εὐωδέστερος.
887 4177 974 4235 Diud.
991 4175 1053 4235 Ἐν-

268 4262 350 4333 δυμοῦ
363 4260 391 4319 δι’
398 4305 407 4334 ,
422 4265 543 4322 Meinek.
559 4262 738 4339 Ἐνθυμεῖσθι.
759 4265 843 4337 Quod
858 4264 936 4339 apud
949 4266 1051 4325 Athen.

268 4350 380 4424 legitur,
405 4352 431 4408 ἐν
455 4351 508 4417 τοῖς
530 4352 639 4430 Γίγασι,
659 4353 734 4410 idem
752 4354 838 4408 habet
859 4353 1011 4426 Hesychius
1024 4374 1051 4411 v.

271 4434 429 4512 Πααμύλης.
450 4440 505 4495 Sed
519 4440 548 4509 6,
568 4461 598 4516 p.
619 4448 686 4509 altr,
700 4442 738 4511 C,
761 4440 808 4495 ille
827 4440 949 4496 ostendit
970 4440 995 4495 ἐν
1009 4441 1056 4497 Τι-

226 4514 238 4600 ’,
268 4531 344 4592 τᾶοι,
360 4527 439 4599 quod
449 4530 534 4584 etiarn
544 4532 640 4604 priore
652 4531 716 4584 loco
729 4529 853 4584 Athenaei
864 4541 891 4585 et
904 4528 982 4604 apud
997 4531 1054 4584 llc·

269 4613 398 4687 sychium
427 4616 549 4675 lleinels.
577 4616 775 4691 reponendum
802 4636 860 4673 esse
886 4619 1052 4690 suspicatur,

270 4719 357 4774 quum
368 4707 522 4777 praesertim
530 4707 656 4763 Eubulus
666 4726 782 4780 quoque
791 4708 902 4761 Titanes
912 4707 1052 4761 docuerit.

273 4814 284 4835 «
303 4791 389 4845 Favet
400 4792 466 4846 huic
479 4794 648 4865 conjecturae
663 4794 877 4867 quodammodo
888 4794 1053 4867 Hesychius,

272 4894 359 4947 quum
376 4878 445 4932 dicit
460 4877 609 4957 Πααμύλης
627 4902 632 4934 :
650 4879 789 4956 Αἰγύπτιος
811 4879 866 4945 θεὸς
881 4878 1053 4957 πριαπώδης,

999 1717 1000 1720 γ
1101 1668 1246 1732 postremo
1257 1657 1397 1713 vocabulo
1408 1655 1438 1711 in
1455 1652 1519 1714 cod.
1540 1652 1562 1709 C
1582 1653 1693 1709 omisso.
1708 1654 1800 1709 Recte
1814 1650 1897 1707 haud

1102 1745 1189 1802 dubie
1205 1745 1343 1801 Dobraeus
1357 1744 1492 1799 atheneo
1504 1740 1564 1797 haec
1582 1741 1697 1812 tribuit,
1709 1743 1749 1797 ita
1759 1742 1871 1815 scripta
1887 1761 1893 1793 :

1101 1830 1292 1910 παραπλησίαν
1308 1828 1393 1906 ὀσμὴν
1411 1827 1481 1907 λέγει
1501 1829 1558 1907 (sc.
1580 1831 1595 1886 6
1612 1827 1756 1904 Κρατῖνος)
1780 1827 1894 1906 ἀμφοῖν.

1101 1919 1147 1977 καὶ
1159 1922 1172 1977 ὁ
1186 1915 1281 1996 γλυκύς
1295 1914 1495 1997 Ἀντιρύνης...,
1512 1914 1594 1993 cujus
1611 1917 1741 1993 proxime
1757 1917 1894 1991 sequitur

1101 2011 1181 2065 loeus
1191 2027 1225 2065 ex
1239 2012 1393 2084 Dysprato.
1411 2028 1426 2063 a
1441 2010 1465 2063 E
1477 2010 1521 2064 M.

1481 2138 1508 2177 Ἄ.

1142 2232 1308 2308 Hesychius,
1321 2228 1471 2306 Πααμύλης
1482 2251 1489 2285 :
1501 2228 1645 2309 Αἰγύπτιος
1656 2229 1710 2299 θεὸς
1720 2227 1893 2309 πριαπύδης.

1103 2320 1231 2398 Κρατῖνος
1245 2322 1259 2377 6
1272 2317 1395 2397 νεώτερος
1406 2317 1525 2396 Γίγασιν,

1150 2413 1191 2494 de
1206 2410 1340 2508 σφοδρῶς
1360 2409 1570 2509 αἰγυπτιύδης
1586 2421 1737 2509 Σύχαρις,
1752 2416 1893 2507 Πααμύ·

1820 2527 1891 2599 λος.

1102 2652 1145 2705 lta
1158 2650 1300 2717 Meinek.;
1320 2649 1412 2705 codex
1429 2645 1480 2714 Ὦς
1491 2648 1617 2729 σρσδρῶς.
1633 2650 1650 2717 ἡ
1672 2648 1724 2725 αίγ.
1739 2646 1837 2726 σόχαρ.
1856 2692 1878 2709 ..

1104 2736 1247 2813 (Musurua
1256 2736 1386 2813 Σύχαρις)
1400 2735 1559 2810 πσαμύλης,
1574 2756 1661 2811 quum
1675 2737 1806 2793 Cratinus
1822 2738 1890 2794 for-

1102 2837 1173 2882 tasse
1182 2826 1325 2898 scripserit
1335 2820 1383 2888 Ὡς
1399 2820 1509 2902 σφόδρ’
1528 2813 1565 2893 ἧς
1584 2823 1646 2896 Aly.
1660 2834 1714 2881 ete.
1728 2824 1908 2880 «Videntur'

1100 2912 1160 2968 haec
1185 2911 1367 2987 intelligenda
1386 2929 1443 2968 esse
1460 2912 1496 2969 de
1515 2912 1631 2968 homine
1646 2913 1770 2986 impense
1788 2910 1892 2968 libidi-

1101 3019 1181 3057 noso.
1192 3002 1234 3056 De
1247 3001 1371 3056 Socbare
1384 3008 1412 3056 et
1425 3001 1559 3074 Paamyle
1573 2998 1609 3060 cl.
1622 2999 1772 3059 Jablonsk.
1784 3000 1890 3058 Pania.

1102 3089 1220 3162 AEgypt.
1242 3086 1270 3155 5,
1286 3108 1313 3158 7.
1332 3113 1343 3137 a
1356 3088 1435 3145 EM.

1338 3217 1376 3276 ll.
1398 3216 1646 3276 ΘΗΡΑΜΕΝΗΣ.

1143 3333 1246 3388 Athen.
1265 3340 1294 3407 4,
1313 3351 1344 3407 p.
1365 3352 1432 3404 177,
1448 3334 1472 3390 A
1489 3351 1496 3389 ε
1513 3332 1564 3389 τῶν
1587 3327 1609 3387 δ’
1626 3327 1761 3403 ίλύμων
1780 3328 1913 3402 αὐλῶν1

1104 3418 1261 3494 μνημονεύει
1275 3418 1320 3478 καί
1336 3418 1455 3486 Καλλίας
1469 3420 1496 3477 έν
1512 3416 1653 3488 Πεδήταις.
1671 3414 1758 3482 ’ίύύας
1771 3416 1815 3487 δέ,
1828 3416 1892 3474 τού-

1102 3529 1162 3574 τους
1181 3510 1296 3587 Φρυγῶν
1313 3506 1361 3584 μδν
1378 3498 1444 3565 είναι
1459 3506 1607 3586 εὕρημα...
1624 3508 1737 3584 χρῆσθαι
1760 3506 1783 3562 δ’
1801 3506 1892 3570 αὐτοῖς

1102 3595 1148 3653 καὶ
1163 3595 1335 3673 Κυπρίους
1349 3593 1413 3676 ρησί
1436 3598 1523 3674 Κρατ.
1541 3596 1555 3651 ὁ
1574 3593 1696 3673 νεώτερος
1709 3595 1737 3651 έν
1757 3592 1891 3672 Θηραμέ-

1102 3704 1150 3743 νει.
1168 3686 1247 3739 «Hic
1257 3686 1445 3741 Theramenes
1458 3684 1576 3740 fortasse
1586 3684 1782 3740 Demosthenis
1792 3682 1892 3739 obtre-

1102 3781 1196 3826 ctator
1209 3772 1256 3827 ille
1269 3772 1469 3849 intelligendus
1484 3782 1542 3845 est,
1556 3771 1663 3845 dequo
1678 3771 1808 3844 querimr
1821 3789 1892 3825 ora-

1103 3869 1149 3915 tor
1163 3861 1251 3934 Epist.
1267 3869 1283 3928 4
1302 3880 1308 3915 :
1329 3880 1395 3917 nam
1414 3860 1449 3916 de
1463 3862 1641 3934 antiquiore,
1657 3860 1707 3934 qui
1727 3858 1893 3915 cothurnus

1102 3949 1318 4022 cognominatus
1330 3948 1403 4018 fuit,
1420 3948 1545 4023 cogitare
1560 3957 1656 4004 vetant
1669 3956 1829 4020 temporum
1843 3964 1892 4001 ra-

1102 4036 1201 4094 tIoues.
1219 4038 1269 4093 »E
1287 4037 1329 4093 M.

1370 4148 1424 4208 lll.
1445 4147 1621 4210 otttiaatt.

1141 4264 1244 4319 Athen.
1271 4261 1318 4330 15,
1337 4282 1369 4337 p.
1389 4263 1459 4336 669,
1481 4264 1526 4318 B:
1549 4258 1617 4318 κατὰ
1631 4257 1682 4338 γὰρ
1696 4255 1740 4317 τὸν
1762 4254 1891 4337 νεώτερον

1105 4350 1243 4425 Κρατῖνον,
1257 4346 1284 4414 ὃς
1299 4349 1325 4404 ἒν
1341 4347 1467 4428 Ὀμροίλῃ
1481 4347 1545 4428 φησί

1152 4464 1252 4530 Πίνειυ
1267 4466 1319 4554 μὲν
1340 4464 1414 4530 ὄντα
1429 4465 1480 4529 τὸν
1494 4470 1596 4539 καλῶς
1611 4456 1772 4551 εὐδαίμονα

1151 4577 1302 4660 κρεῖττον·
1322 4570 1422 4661 μάχαι
1436 4563 1465 4634 δ’
1483 4566 1603 4634 ἄλλοισι
1617 4567 1669 4633 καὶ
1685 4567 1767 4632 πόνοι
1786 4569 1876 4656 μελε..

1102 4700 1179 4753 Libri
1195 4718 1344 4774 perperam
1359 4698 1468 4772 μένοντα
1483 4711 1510 4754 et
1527 4718 1608 4754 versu
1624 4717 1640 4752 a
1659 4695 1743 4773 μέλοι.
1762 4700 1803 4752 De
1820 4718 1836 4762 η
1861 4707 1892 4749 et

1103 4808 1126 4842 οι
1144 4788 1267 4842 confiuis
1285 4808 1316 4845 ν.
1338 4790 1444 4844 Cratini
1470 4791 1572 4843 lncert.
1593 4793 1659 4856 147,
1675 4797 1730 4840 etc.
1753 4786 1893 4858 Rergliius

1102 4872 1179 4937 πόνος
1190 4873 1273 4946 μέλοι.
1285 4902 1296 4924 ο
1306 4878 1396 4931 Verba
1409 4876 1554 4946 llerculis,
1563 4873 1638 4947 apud
1651 4873 1809 4945 Omphalen
1819 4884 1890 4926 stre·

271 4961 388 5019 Photius
407 4978 501 5022 autem
516 4971 634 5042 Lex..p.
659 4968 724 5043 592,
742 4989 757 5024 a
776 4989 782 5025 :
807 4968 952 5039 ἐνομίζοντο
972 4967 998 5025 δὲ
1018 4971 1055 5048 (οἱ
1101 4980 1156 5016 ΜΘ
1172 4965 1342 5036 ΠθΡΟῐθΠῑῑδ·
1359 4989 1370 5013 ”
1391 4966 1414 5017 Ε
1426 4966 1468 5021 Μ·
1493 4961 1556 5034 Τὸν,
1578 4962 1608 5018 h·
1632 4981 1657 5015 θ·
1681 4964 1782 5027 τθῦῖθνν
1798 4959 1873 5014 ‘mnf
1882 5000 1890 5027 a

271 5051 295 5107 T
298 5047 395 5126 ιτᾶνες)
411 5053 462 5107 τῶν
481 5055 640 5130 πριαπωδῶν
658 5057 721 5112 θεῶν
739 5043 815 5113 εἶναι.
836 5059 909 5112 Hinc
925 5059 1000 5114 Eust.
1018 5059 1056 5113 ad

272 5136 355 5196 Hom.
371 5159 399 5213 p.
414 5140 482 5213 985,
494 5141 526 5197 51
547 5164 551 5196 :
565 5145 578 5197 δ
590 5141 702 5208 κίναιδος
717 5142 761 5199 καί
771 5142 876 5212 πειολης
890 5142 972 5202 Tuti
986 5167 1054 5201 σκω·

272 5227 369 5291 πτικῶς
386 5225 514 5304 λέγονται.
539 5231 670 5305 Gigantes
687 5232 818 5288 Titanum
836 5235 864 5286 in
878 5234 972 5287 locum
987 5236 1054 5289 irre-

271 5328 388 5387 pserunt
411 5318 487 5391 apud
501 5320 637 5385 Suidtttn,
655 5316 788 5387 Ἰαπετύς,
806 5309 841 5384 τίς
855 5321 905 5376 τῶν
921 5321 942 5379 Γ
945 5318 1055 5395 ιγοίντων

274 5403 350 5479 (anu.
364 5406 400 5460 ad
411 5406 531 5480 AEsclryli
544 5411 595 5480 Ag.
609 5406 676 5463 628.
690 5408 772 5462 Both.
782 5408 803 5480 l.
819 5409 948 5464 Ceterum
962 5413 1056 5483 pergit

273 5493 420 5549 Athenaeus
436 5512 443 5550 :

313 5587 501 5662 παραπλησίαν
516 5589 600 5662 ὀσμὴν
615 5587 697 5662 λέγεις
710 5593 806 5666 ἀμροῖν
823 5589 931 5665 γλυκύς,

567 5756 758 5812 GlGANTES.

651 5849 675 5897 1.

261 5932 279 5950 ·‘
311 5953 344 5961 -
358 5925 528 5995 Recordare,
544 5929 654 5999 quidde
666 5938 871 5994 terranarrent.

275 6024 335 6064 eant
349 6009 431 6079 olere,
443 6021 470 6068 et
485 6014 593 6071 lunium
606 6017 678 6075 exire
690 6017 846 6074 odoratum.

277 6095 406 6165 Habitat,
423 6107 453 6154 ut
463 6100 581 6171 videtur,
591 6105 620 6159 in
632 6104 684 6161 hoc
694 6105 770 6162 hiatu
782 6105 880 6177 aliquis

277 6184 390 6242 libanoti
407 6188 539 6256 venditor,
554 6192 594 6248 vel
608 6209 713 6264 coquus
724 6194 879 6249 Siciliensis.

645 6284 671 6333 A

277 6356 362 6413 Valde
379 6362 548 6432 Agyptiacus
559 6378 587 6420 es
597 6323 736 6433 sacharia,
751 6367 901 6439 Paamyles.

1102 5049 1131 5105 h.
1147 5068 1172 5107 e.
1187 5070 1242 5108 me.

1478 5184 1505 5219 a.

1143 5274 1245 5330 Pollux
1262 5297 1288 5346 7,
1313 5276 1349 5331 58
1374 5297 1379 5329 :
1400 5275 1426 5330 ἐν
1447 5273 1473 5331 δὲ
1498 5278 1529 5351 τῇ
1549 5278 1593 5329 τοῦ
1614 5270 1737 5349 νεωτέρου
1758 5270 1892 5349 Κρατίνου

1103 5362 1230 5442 Ὀμρύλη
1245 5362 1346 5442 εἴρηται

1151 5472 1198 5521 -’-
1220 5467 1309 5564 Ῠμεῖς
1324 5467 1350 5537 δ’
1361 5471 1412 5538 ἐὰν

1077 5609 1080 5623 ·
1155 5578 1294 5644 ἰππίσκον
1309 5577 1326 5649 ἢ
1344 5578 1480 5669 τρίμιτον
1492 5581 1601 5667 ἔχητε,

1404 5760 1588 5815 OllPHALE.

1483 5886 1506 5933 l.

1107 5982 1202 6038 bibere
1217 5984 1290 6040 hune
1304 5983 1387 6056 probe
1398 5983 1507 6040 beatum

1108 6070 1203 6126 melius
1211 6079 1267 6135 est3
1279 6086 1377 6142 pugnae
1385 6086 1447 6126 vero
1457 6084 1488 6125 ac
1499 6067 1604 6126 labores
1614 6068 1728 6123 aliorum
1736 6076 1798 6124 sitiit
1806 6084 1891 6126 curre.

1488 6179 1514 6229 9.

1108 6310 1142 6321 -
1154 6282 1209 6334 Vos
1220 6286 1308 6335 autern
1320 6278 1342 6332 si

1109 6366 1240 6440 equulunr
1252 6366 1294 6422 vel
1311 6373 1411 6421 vestem
1425 6362 1539 6420 hahetis.
