4084 8009
633 1530 748 1583 108

625 1647 950 1715 Αὐτοκλέους
981 1649 1088 1726 (cf.
1121 1652 1300 1707 Thuc.
1337 1653 1392 1721 8,
1421 1650 1549 1725 67)·
1585 1642 1729 1718 οὗτος
1761 1652 1806 1708 δ’
1831 1650 1894 1708 ἂν
1924 1650 2005 1724 εἴη
2030 1654 2059 1708 ὁ
2088 1654 2191 1709 τῶν

619 1736 846 1797 ἱππίων.
872 1738 952 1796 Φ.
983 1737 1114 1795 Πετ.
1145 1764 1169 1787 σι
1191 1728 1377 1808 Οὗτος,
1401 1759 1462 1793 π.
1487 1735 1660 1818 ἥκεις(
1671 1742 1730 1794 in
1745 1744 1984 1816 Argum.
2008 1742 2185 1815 Soph.

621 1816 831 1903 ἦλθες),
866 1828 921 1903 β.
962 1826 1053 1890 Εἷς
1093 1827 1162 1883 Κ.
1192 1816 1227 1895 ἦ
1274 1822 1400 1900 μὴν,
1449 1836 1560 1882 010.
1591 1830 1748 1883 »Pro
1776 1818 1811 1898 ἦ
1858 1826 1964 1903 μὴν
1992 1838 2191 1903 argute

619 1916 790 1971 Mein.
812 1912 986 1988 ἱέμην.
1013 1937 1038 1963 α
1057 1917 1399 1988 Respicitur,
1427 1916 1646 1988 inquit,
1670 1917 1865 1971 tritum
1889 1916 2028 1971 illud
2044 1935 2188 1990 pro-

618 2004 874 2057 verbium
899 1998 1033 2078 '04’
1056 1991 1240 2070 ἦλθες,
1262 2001 1380 2056 ἀλλ’
1402 2002 1473 2065 εἰς
1493 2000 1582 2057 τὸν
1611 2001 1853 2060 Κολωνὸν
1876 1999 2010 2076 ἵεσο,
2034 2003 2188 2078 apud

618 2090 843 2146 Polluc.
880 2108 938 2157 7,
976 2087 1112 2163 133,
1138 2089 1301 2147 Phot.
1328 2107 1389 2162 p.
1423 2088 1633 2158 367,6,
1667 2091 1956 2163 aliosque,
1978 2091 2040 2144 in
2070 2109 2188 2163 quo
2232 2142 2235 2157 ,

618 2178 717 2249 qui
751 2177 1002 2232 Colonus
1035 2187 1541 2247 commemoratur,
1584 2196 1705 2232 non
1741 2179 2017 2251 equestris
2060 2179 2185 2249 ille,

615 2263 717 2318 sed
740 2261 974 2317 forensis
996 2261 1396 2338 intelligendus
1415 2275 1518 2319 est.
1543 2288 1568 2314 ι»
1595 2264 1783 2320 Verba
1804 2260 1940 2341 Ὄψ’
1957 2254 2189 2335 ἦλθες-

615 2345 730 2406 ἵεσο
756 2351 959 2423 procul
992 2350 1174 2406 dubio
1209 2351 1519 2425 depravata
1546 2362 1677 2406 sunt
1706 2372 1719 2407 z
1745 2353 1958 2427 quippe
1979 2354 2187 2429 inepta.
2233 2382 2235 2394 ·

613 2438 938 2495 scribamus
955 2457 1120 2495 sensu
1143 2440 1439 2514 aptissimo
1478 2433 1613 2516 ὈΨ
1641 2428 1821 2511 ἦλθες·
1853 2438 1887 2496 ἄ
1904 2441 1937 2497 λ
1951 2440 2039 2498 λω
2054 2464 2079 2508 ς
2100 2440 2187 2499 τὸν

620 2527 754 2585 Κολ.
791 2528 910 2603 (vel
956 2526 1128 2593 ἄλλως
1153 2528 1201 2585 τ’
1223 2526 1294 2592 εἷς
1322 2526 1491 2604 Κολ.)
1531 2525 1680 2599 ἵεσο,
1707 2529 1843 2585 Sem
1865 2531 2042 2587 ades:
2074 2533 2189 2585 ali-

618 2630 703 2672 ter
732 2619 815 2671 ad
833 2618 1104 2673 Colonum
1128 2622 1491 2691 pervenisses,
1530 2617 1725 2672 locum
1747 2618 2181 2673 celeberrimum
2232 2614 2234 2621 ⁴

618 2706 840 2778 templis
884 2705 1136 2778 Neptuni
1181 2715 1239 2760 et
1286 2706 1558 2761 Minervae
1577 2744 1596 2773 ,
1642 2703 1911 2779 festisque
1964 2706 2049 2761 ibi
2094 2708 2187 2781 agi

614 2793 808 2849 solitis.
841 2793 1015 2865 Quod
1046 2793 1287 2849 verbum
1319 2793 1719 2868 usurpaverint
1757 2794 1818 2848 in
1844 2794 1941 2863 iis,
1977 2796 2187 2868 quibus

615 2900 707 2938 res
739 2900 837 2937 sua
885 2900 1002 2937 11011
1041 2884 1391 2938 successisset
1430 2882 1689 2957 segnitia.
1730 2884 1817 2938 De
1862 2879 1925 2938 ἂν
1971 2883 2186 2939 intelli-

612 2968 806 3043 gendo
832 2970 891 3025 in
915 2964 1033 3027 ἴεσο
1051 2970 1184 3026 vide
1204 3011 1223 3046 ,
1247 2971 1294 3026 si
1313 2970 1456 3025 tanti
1477 2979 1584 3041 est,
1605 2970 1811 3025 Matth.
1838 2970 1936 3027 Gr.
1959 2969 2014 3046 S.
2042 2969 2183 3046 509·
2238 2979 2241 2986 ”

1371 3092 1426 3145 2.

689 3164 895 3262 Athen.
926 3225 983 3280 9,
1019 3224 1082 3279 p.
1111 3202 1247 3281 395,
1268 3203 1349 3266 C:
1382 3204 1463 3265 Φ.
1503 3203 1556 3262 ἐν
1581 3202 1782 3282 Γραυσί
1810 3224 1965 3285 φησιν
1994 3203 2091 3281 (fr.
2120 3203 2181 3282 α)

619 3335 633 3349 .
651 3334 714 3366 ..,
734 3292 788 3348 ἐν
817 3290 870 3350 δὲ
897 3292 1112 3371 Πετάλῃ
1132 3314 1147 3329 ·

709 3403 893 3493 Ᾰλλ’,
924 3404 971 3472 ὦ
1005 3408 1402 3500 περιστέριον,
1434 3411 1586 3498 ὁμοῦ·
1615 3408 2008 3474 Καλλισθένει

705 3515 925 3599 πέτου,
967 3513 1220 3605 κόμισον
1257 3504 1331 3578 δέ
1379 3508 1441 3603 μ’
1491 3512 1576 3592 εἰς
1623 3512 1867 3604 Κύθηρα
1910 3513 2012 3579 καὶ
2059 3516 2181 3581 Κύ-
2231 3554 2232 3565 1

1991 3614 2173 3712 *tt-pov!
2229 3623 2231 3625 ’

607 3750 770 3808 Libri
808 3750 1014 3805 insulse
1048 3758 1109 3805 et
1149 3757 1425 3822 corrupto
1462 3759 1648 3805 metro
1675 3742 1874 3824 ὅμοιον.
1912 3746 2051 3820 Ejus
2087 3760 2179 3807 ta-

607 3859 740 3896 men
784 3856 950 3895 causa
982 3837 1266 3892 Porsonus
1302 3836 1450 3896 Λᾶν.
1479 3855 1542 3910 p.
1589 3835 1723 3907 113,
1769 3847 1827 3893 01
1858 3837 2055 3894 Elmsl.
2100 3836 2178 3894 ad

607 3928 854 3984 Acharn.
882 3944 906 3981 1
923 3924 1016 3995 18,
1055 3924 1425 3982 obtrusernnt
1451 3922 1786 3995 Κλεισθένει,
1809 3943 1927 3999 quo
1952 3925 2175 3982 cinaedo

607 4015 703 4070 hic
729 4033 850 4069 11011
876 4024 961 4069 est
985 4029 1159 4087 opus,
1189 4012 1291 4070 sed
1312 4012 1562 4069 melioris
1582 4022 1731 4067 11οω
1756 4010 1924 4068 fuisse
1945 4012 2179 4071 videtur

604 4101 968 4159 Callisthenes
990 4102 1224 4174 aliquia,
1247 4113 1312 4157 ut
1331 4119 1500 4176 quem
1520 4140 1538 4171 ,
1560 4100 1715 4157 velut
1733 4099 1975 4157 alterum
1991 4102 2180 4175 Gany-

616 4191 841 4248 medem
860 4229 878 4260 ,
910 4189 1189 4246 columba
1215 4190 1316 4246 alis
1336 4188 1640 4246 advectum
1673 4198 1831 4263 optet
1857 4189 1904 4244 is
1931 4191 2033 4263 qui
2058 4189 2178 4245 haec

605 4280 864 4353 loquitur
886 4317 904 4348 ,
930 4279 1051 4352 ipse
1076 4278 1156 4333 sic
1183 4296 1298 4333 una
1336 4296 1468 4333 cum
1493 4275 1709 4332 dilecto
1749 4274 2174 4348 adnleseentulo

606 4365 857 4441 Cythera
880 4375 937 4422 et
970 4365 1220 4439 Cyprum
1247 4364 1635 4439 profecturus.

1359 4475 1417 4536 3.

683 4587 845 4647 Idem
870 4586 928 4656 8,
960 4606 1023 4664 p.
1053 4584 1192 4664 343,
1222 4586 1267 4649 C
1300 4607 1314 4642 τ
1342 4586 1658 4665 κωμῳδοῦσι
1686 4583 1732 4642 δ’
1756 4584 1912 4643 αὐτὸν
1932 4585 2174 4660 (Melan-

602 4679 819 4745 thium,
866 4675 1173 4751 Tragicum
1222 4695 1239 4731 ε
1281 4693 1340 4731 v.
1388 4674 1563 4732 index
1600 4674 2030 4750 Aristophanis)
2084 4674 2167 4730 ἐπ’

600 4760 867 4841 ὀψοφαγίᾳ
911 4759 1130 4821 Λεύκων
1190 4762 1244 4820 ἰν
1290 4758 1595 4839 Φράτερσιν
1613 4803 1630 4832 ,
1684 4758 2062 4840 Ἀριστοφάνης
2115 4760 2170 4817 ἐν

601 4848 800 4927 Εἰρήνῃ
817 4894 834 4920 ,
862 4847 942 4908 Φ.
971 4847 1025 4903 ἓν
1051 4848 1187 4907 Πετ.

678 5037 840 5094 Idem
891 5035 985 5108 15,
1019 5056 1074 5112 p,
1129 5037 1263 5112 690,
1298 5038 1344 5094 F
1376 5057 1391 5093 ε
1451 5034 1732 5112 ὠνομάσθη
1768 5035 1823 5093 δὲ
1861 5035 2022 5110 (libri
2052 5036 2169 5110 καὶ,
2223 5092 2224 5121 3

598 5126 810 5183 mendo
866 5112 1193 5202 frequente)
1242 5127 1396 5183 τοῦτο
1446 5122 1548 5201 (τὸ
1595 5123 1898 5201 Μεγάλλιον
1962 5123 2167 5203 μύρον)

598 5212 706 5272 ἀπὸ
732 5210 1018 5291 Μεγάλλου
1053 5217 1144 5271 τοῦ
1173 5210 1494 5272 Σικελιώτου
1525 5212 1663 5293 (qui
1697 5212 1760 5268 id
1792 5214 2007 5270 invenit
2035 5234 2049 5269 :
2089 5214 2167 5271 cs.

597 5303 843 5378 Hoeych.
874 5322 933 5361 v,
966 5299 1292 5361 Μετάλλειον
1320 5302 1440 5377 [sic
1469 5319 1485 5360 ς
1513 5321 1574 5361 v.
1601 5301 1890 5374 Aristoph.
1917 5300 2163 5376 Τελμησ.
2212 5347 2213 5350 ,

595 5391 662 5448 sr.
691 5391 749 5464 6,
776 5390 952 5449 Dind.
989 5393 1218 5466 Fragm.
1252 5390 1550 5465 Aristoph.
1579 5408 1641 5464 p.
1680 5386 1842 5467 188]
1867 5385 2087 5465 μύρον).
2119 5390 2167 5448 οἱ

595 5479 643 5535 δ’
677 5477 945 5549 Ἀθηναῖόν
974 5500 1129 5559 φασιν
1159 5468 1290 5537 εἶναι
1315 5477 1403 5536 τὸν
1436 5476 1743 5556 Μέγαλλον.
1778 5475 2092 5552 μνημονεύει
2121 5478 2167 5535 δ’

597 5569 754 5625 αὐτοῦ
778 5563 1044 5647 Ἀριστοφ.
1076 5567 1130 5625 ἰν
1159 5565 1534 5641 Τελμησσεῦσι
1563 5562 1655 5622 καὶ
1684 5564 1766 5625 Φ.
1795 5566 1848 5624 ἰν
1880 5564 2010 5625 Πετ.
2052 5567 2168 5622 Ρο-

594 5666 803 5712 sti-ema
826 5656 997 5713 etiam
1030 5655 1276 5730 Hesych.

1622 1519 2036 1582 coMOEmAE
2080 1520 2406 1584 VETEms
2448 1524 2868 1601 RELIQUIAE.

3038 1661 3096 1724 5.

2364 1771 2565 1827 Pollux
2591 1792 2647 1843 7,
2680 1774 2789 1831 163
2819 1794 2832 1830 :
2861 1773 2966 1831 ἀπὸ
2997 1773 3053 1832 δὲ
3078 1776 3182 1832 τῶν
3211 1774 3375 1833 πίθων
3399 1781 3428 1834 ὁ
3456 1777 3703 1854 πιθὼν,
3736 1782 3855 1839 Φε-

2286 1856 2561 1934 ρεκράτους
2584 1859 2817 1926 εἰπόντος
2839 1862 2891 1919 ἐν
2926 1863 3055 1920 Πετ.

2480 1976 2619 2041 Kobe.
2652 1978 2904 2055 πιθῶνος
2933 1979 3152 2071 εἴρυσεν

2380 2078 2660 2175 ἄκρατον.

2281 2226 2455 2287 Mein.
2487 2224 2723 2306 ἤρυσαν,
2754 2228 2915 2304 quod
2938 2228 3296 2287 disconvenit
3331 2230 3408 2309 τῷ
3440 2233 3646 2289 κιθῶνι.

3034 2343 3092 2403 6.

2361 2456 2597 2512 Photius
2640 2476 2697 2532 p.
2745 2464 2858 2524 204
2879 2499 2896 2529 ,
2930 2475 3031 2529 20,
3062 2459 3369 2516 Δακπατεῖν
3413 2480 3426 2514 :
3459 2459 3542 2518 Φ.
3569 2460 3702 2518 Πετ.

2378 2576 2595 2643 Παίειν
2636 2603 2709 2670 με
2732 2630 2753 2667 ,
2787 2580 3061 2665 τύπτειν,
3108 2585 3468 2666 λακπατεῒν,
3506 2580 3707 2669 ὠθεῖν,
3749 2577 3851 2649 δοί-

3658 2713 3844 2755 κνειν.

2360 2924 2609 2984 Gramm.
2651 2924 2895 2981 Bekkeri
2937 2833 3156 2985 Aand.
3192 2943 3257 3001 p.
3302 2923 3441 2995 358,
3477 2932 3538 2995 4,
3587 2937 3646 2983 et
3692 2928 3846 2984 Suid.

2277 3029 2336 3070 v.
2369 3007 2572 3090 Al'ptw.
2602 3003 2731 3090 Αἶρε
2774 3031 2788 3067 :
2837 3010 3116 3092 πρόσφερε.
3146 3009 3310 3090 αἴρειν
3337 3012 3441 3090 γὰρ
3477 3011 3570 3068 καὶ
3598 3009 3659 3070 τὸ
3686 3035 3847 3093 προσ·

2280 3096 2450 3179 φέρειν
2494 3098 2677 3175 δηλοῖ,
2724 3087 2831 3158 οἷον
2877 3125 2903 3153 ι
2957 3089 3107 3177 Αἶρ’,
3139 3088 3254 3181 αἶρε
3291 3102 3464 3176 μᾶζαν
3506 3101 3578 3166 ὥς
3615 3098 3846 3180 τάχιστα

2276 3188 2536 3271 κανθάρῳ,
2561 3214 2589 3242 ²·
2616 3187 2989 3271 Ἀριστοφάνης
3006 3187 3206 3270 Εἰρήνῃ
3230 3188 3328 3269 (1),
3345 3186 3437 3248 καὶ
3451 3186 3587 3267 μετὰ
3604 3192 3703 3264 τῆς
3722 3212 3845 3272 προ·

2278 3277 2467 3345 θέσεως
2494 3280 2573 3340 Φ.
2606 3280 2743 3340 Πετ.

2375 3406 2675 3503 ῐῙρόσαιρε
2703 3408 2781 3474 τὸ
2803 3416 3049 3490 κανοῦν,
3072 3407 3126 3475 εἰ
3155 3399 3226 3474 δὲ
3254 3409 3462 3494 βούλει
3479 3456 3500 3493 ,
3531 3408 3841 3502 πρόσφερε.

2281 3571 2305 3596 α
2339 3547 2519 3603 Simili
2538 3547 2739 3604 colore
2758 3546 3037 3603 orationis
3052 3545 3349 3622 Aristoph.
3375 3546 3527 3607 Rau.
3558 3563 3586 3603 1
3601 3564 3717 3621 190
3748 3567 3762 3601 :

2350 3670 2564 3750 Χρῆσον
2591 3666 2658 3728 σὺ
2686 3666 2950 3747 μάκτραν,
2974 3667 3021 3725 εἰ
3048 3664 3106 3724 δὲ
3143 3664 3353 3745 βούλει,
3389 3664 3678 3746 κάρδοπον·

2274 3793 2479 3870 quibus
2496 3793 2686 3850 verbis
2710 3794 2962 3867 ineptam
2980 3790 3354 3864 tautologiam
3389 3788 3574 3845 rideri
3605 3799 3843 3847 annota-

2271 3884 2353 3940 vit
2383 3882 2584 3940 Valck.
2614 3880 2691 3938 ad
2719 3879 2998 3939 Adoniaz.
3023 3897 3088 3953 p.
3123 3877 3258 3935 326.
3287 3899 3315 3927 ο
3354 3873 3535 3933 Meta.

2349 3973 2630 4029 Praeterea
2673 3969 2867 4027 Petale
2926 3974 3413 4026 commemoratur
3448 3966 3582 4022 loco
3648 3966 3841 4024 luxato

2270 4060 2457 4119 Snidae
2488 4077 2504 4120 :
2530 4054 2877 4139 Φερεκράτης
2898 4053 3120 4135 Πετάλῃ
3151 4050 3361 4135 γράφει.
3387 4053 3581 4112 Locus
3598 4053 3728 4130 ipse
3746 4073 3841 4112 ex·

2269 4150 2429 4207 cidit.

2748 4291 2910 4354 xvl.
2949 4288 3360 4367 mmmm.

2350 4450 2573 4504 Nomen
2613 4446 2847 4502 sortasse
2896 4441 3148 4500 mulieris
3192 4452 3417 4517 nuptae,
3455 4437 3841 4515 quemadmo-

2276 4537 2410 4593 dum
2461 4532 2724 4614 Τύραννος
2785 4533 3114 4589 nominatus
3167 4540 3252 4587 est
3318 4528 3560 4585 Pterelai
3607 4524 3764 4583 filius
3823 4548 3834 4581 ε

2268 4644 2321 4681 v.
2363 4623 2637 4699 Apollod.
2673 4641 2735 4696 α,
2762 4629 2817 4692 4,
2852 4618 2911 4679 5.
2940 4614 3197 4697 Τυραννὶς
3236 4635 3345 4693 pro
3372 4617 3408 4685 ἡ
3442 4609 3713 4693 Τύραννος
3739 4633 3838 4691 ap·

2265 4714 2476 4788 pellata
2502 4711 2676 4767 fuerit
2704 4711 2913 4766 femina
2946 4708 3281 4782 imperiosa,
3304 4723 3395 4761 res
3424 4722 3538 4779 pro
3559 4721 3835 4779 personam

2267 4801 2340 4856 de
2368 4820 2486 4874 quo
2509 4798 2582 4855 ad
2602 4797 2769 4859 Iliad.
2800 4815 2890 4868 17,
2921 4795 3022 4865 38,
3049 4795 3225 4869 Soph.
3250 4794 3439 4868 Antig.
3465 4790 3605 4863 503,
3631 4792 3833 4867 Enrip.

2266 4890 2444 4963 Hipp.
2506 4885 2647 4956 385,
2708 4896 2823 4944 etc.
2881 4882 3089 4959 Magna
3150 4881 3473 4938 dotatarum
3530 4882 3838 4938 auctorit-s

2268 4977 2358 5051 (v.
2404 4995 2534 5032 ann.
2571 4974 2646 5030 ad
2674 4975 2859 5033 Plaut.
2889 4974 3045 5030 Asin.
3075 4968 3248 5045 842),
3279 4985 3450 5043 quam
3482 4967 3838 5042 1100111111-

2263 5065 2327 5119 lit
2353 5065 2531 5138 ipsam
2562 5062 2835 5137 intelligi,
2868 5061 3031 5118 facile
3055 5060 3271 5135 patior.
3316 5053 3488 5131 Eam,
3525 5073 3679 5132 saepe
3705 5056 3833 5112 irri-

2261 5170 2380 5210 sam
2397 5172 2428 5207 a
2448 5150 2714 5223 Comicis,
2736 5151 2816 5207 sic
2835 5146 3114 5226 significat
3134 5145 3406 5203 Martialis
3427 5144 3487 5221 8,
3513 5162 3582 5200 10
3603 5160 3622 5203 2
3654 5144 3834 5203 Uxori

2261 5242 2465 5298 nubere
2486 5242 2615 5297 nolo
2641 5259 2803 5295 meoe.

3014 5370 3066 5409 1.

2342 5471 2551 5527 Athen.
2592 5488 2685 5541 11,
2716 5487 2779 5543 p.
2810 5465 2918 5535 481
2944 5507 2959 5536 ,
2986 5467 3031 5521 Β
3068 5460 3190 5521 εὸτι
3216 5460 3273 5520 δὲ
3296 5458 3542 5539 μεγάλοις
3563 5458 3832 5540 ποτηρίοις

2260 5558 2315 5615 αἱ
2342 5564 2581 5636 γυναῖκες
2599 5556 2851 5636 ἐχρῶντο,
2881 5554 2911 5611 δ
2937 5550 3093 5618 αὐτὸς
3118 5549 3295 5630 εἴρηκε
3328 5550 3414 5609 Φ.
3452 5547 3508 5606 ἰν
3545 5545 3831 5629 ΤυμΜδι

2261 5643 2347 5704 διὰ
2370 5644 2567 5704 τούτων
2584 5665 2600 5681 ·

593 5972 712 6041 Age
728 6010 746 6039 ,
771 5967 1087 6027 columbula
1106 6009 1122 6038 ,
1148 5985 1274 6027 eum
1298 5888 1628 6027 czimhene

592 6056 734 6124 vola,
763 6070 958 6128 meque.
979 6055 1148 6113 avelle
1168 6055 1237 6113 ad
1261 6055 1497 6128 Cythera
1518 6064 1574 6113 et
1595 6057 1833 6129 cyprum
1856 6060 1868 6111 !

1349 6146 1403 6197 5.

594 6232 663 6284 Et
689 6245 721 6284 0
748 6228 883 6285 cella
910 6228 1113 6286 vinaria
1133 6228 1365 6287 extraxit

592 6329 891 6371 meracum.

2253 5964 2552 6023 vulnerare
2582 5975 2670 6019 me
2684 6002 2701 6030 ,
2730 5958 3031 6027 verberare,
3051 5911 3400 6023 eonculcare,
3424 5951 3665 6029 pulsare,
3685 5967 3823 6010 11101·

3637 6039 3819 6113 [dem-

3007 6135 3064 6188 ⁷.

2258 6224 2506 6285 Admove
2528 6223 2786 6289 corbem,
2813 6221 2915 6291 vel,
2944 6221 2989 6279 si
3016 6220 3185 6278 mavis
3205 6259 3221 6286 ,
3248 6214 3405 6282 affer.
