4084 8009
274 1520 332 1571 mo
795 1504 935 1566 unnim
956 1504 1164 1567 coemere
1185 1505 1400 1582 nannum·

322 1640 388 1708 Καὶ
401 1640 459 1735 γὰρ
473 1641 558 1725 πόσῳ
576 1639 701 1707 κοίλλιον
717 1635 877 1730 (ἱκετεύω)
893 1641 1008 1730 τρέφειν
1177 1642 1296 1731 χρηστὴ
1311 1640 1358 1717 τίς
1373 1638 1408 1712 ἦν
1428 1641 1551 1730 μέντοι,
1569 1639 1631 1725 τίς,
1643 1639 1724 1732 οἴμοι
1738 1637 1895 1727 δείλαιος,

321 1744 473 1838 ἄνθρωπόν
483 1749 544 1812 ἐστ’
562 1741 729 1836 ἄνθρωπον,
747 1738 783 1808 ἀν
797 1745 855 1836 ἔχη
873 1742 948 1830 βίον,
1176 1749 1296 1837 ταχέως
1307 1748 1343 1839 γέ
1355 1752 1387 1838 μ’
1403 1746 1434 1811 αἱ
1444 1744 1577 1837 χρησταὶ
1586 1756 1723 1840 γυναῖκες
1733 1754 1894 1832 έπελιπον,

321 1852 339 1924 ἢ
356 1861 437 1943 χῆνα
451 1845 679 1941 πλατυγίζοντα
694 1848 746 1915 καὶ
759 1849 927 1939 κεχηνότα,
1110 1846 1150 1917 15
1176 1861 1238 1918 τῶν
1251 1844 1281 1917 δ’
1301 1850 1338 1918 αὖ
1352 1861 1488 1944 πονηρῶν
1509 1854 1556 1919 ἔτι
1569 1856 1669 1948 λέγειν
1682 1854 1800 1934 πολλοῖς
1809 1858 1892 1948 ἔχω.

321 1954 509 2049 torpenter,
526 1952 544 2027 ἢ
559 1952 703 2036 Plomma
722 1950 881 2021 ἕπῖςθυλῡν
896 1947 1004 2020 miili
1093 1982 1221 2036 'Versua
1241 1979 1357 2057 δεύτερος
1378 1981 1499 2039 Meinelr.
1514 1983 1548 2037 V.
1577 1981 1677 2039 ‘elibri
1701 1982 1807 2041 mendo
1831 2005 1896 2042 non

273 2106 285 2129 ι
299 2082 437 2138 Videntur
449 2082 508 2138 haec
520 2080 598 2137 dicta
614 2081 644 2137 in
661 2081 827 2152 hominem,
842 2081 893 2155 qui
910 2081 1058 2136 matrimo·
1102 2068 1279 2143 infrequente
1289 2066 1334 2125 τὸ*
1345 2066 1466 2146 Υᾶρπρο
1480 2087 1568 2143 qnam
1579 2072 1815 2145 Slfllimoequaluf
1825 2071 1892 2151 γάρ.

272 2162 352 2216 niurn
366 2160 491 2236 fugeret,
503 2160 610 2217 alendis
625 2172 719 2217 eutem
735 2161 852 2216 aviculis
866 2170 895 2216 et
903 2161 990 2215 simiis
1002 2160 1057 2213 mi·
1103 2159 1135 2213 V.
1147 2154 1163 2210 5
1175 2153 1339 2231 πεπυσμένος
1348 2156 1472 2215 Person.
1484 2175 1540 2232 pro
1551 2155 1732 2232 πεπεισμένος.
1743 2161 1779 2217 V.
1793 2159 1812 2214 6
1823 2161 1897 2218 libri

272 2246 351 2304 riflce
363 2237 565 2305 delectaretur.
582 2250 674 2305 Versu
691 2248 707 2305 3
728 2249 766 2305 ita
779 2248 866 2305 codd.
886 2246 973 2318 ΑΒΕ,
987 2245 1060 2302 πλα-
1102 2264 1165 2300 ποτε
1177 2246 1276 2312 κακῶς,
1289 2245 1375 2315 Editi,
1386 2256 1504 2301 auctore
1514 2245 1665 2316 Jacobsio,
1677 2246 1757 2302 hiatu
1765 2266 1826 2303 non
1841 2249 1895 2305 ad·

270 2331 410 2414 τειχίζοντα
424 2338 507 2397 PVL.
526 2359 539 2384 υ
558 2335 640 2391 ΕΜ.
1102 2333 1241 2389 mittendo
1263 2333 1350 2397 κακῶς
1367 2353 1429 2389 ποτε
1448 2331 1454 2411 Ι
1471 2332 1523 2407 έρῶ
1541 2351 1581 2409 γ.;
1605 2336 1639 2392 V.
1662 2351 1681 2406 9
1706 2334 1792 2409 vulgo
1816 2334 1892 2405 Πην.

1103 2417 1130 2476 δὲ
1150 2419 1231 2492 juxta
1254 2418 1281 2477 δέ
1306 2421 1337 2475 in
1356 2420 1456 2477 eadem
1477 2422 1629 2479 sententia.
1652 2418 1687 2480 V.
1714 2421 1896 2481 rescribam

519 2502 596 2564 LIV.
617 2501 818 2562 ΧΡΥΣΙΛΔΑ.
1101 2504 1204 2585 χρηστὴ
1220 2504 1297 2571 τέοις
1317 2506 1390 2582 μέντ’
1407 2497 1440 2577 ἦν
1463 2529 1517 2577 τις,
1530 2527 1563 2563 σο
1576 2527 1672 2583 usque,
1691 2508 1760 2565 dum
1773 2511 1895 2587 Hippo-

578 2647 584 2659 .
605 2646 611 2659 .
743 2646 749 2658 .
1102 2598 1194 2670 lytum
1206 2614 1303 2654 amare
1317 2599 1464 2673 coepisset3
1479 2598 1524 2652 vel
1538 2609 1604 2652 αηεσ
1614 2616 1713 2672 quam,
1728 2610 1784 2658 etc.

316 2669 329 2696 a
345 2646 456 2702 Nomen
470 2656 642 2715 meretricis,
657 2644 707 2701 sed
721 2644 836 2701 diversae
851 2645 887 2701 ab
902 2663 951 2714 ea,
972 2663 1058 2718 quam

270 2733 426 2791 Teleelides
438 2732 556 2792 Hesiod.
570 2734 606 2792 fr.
620 2739 863 2799 lcommemorat.
877 2756 889 2784 υ
909 2734 935 2787 E
946 2733 990 2791 M.
1005 2733 1059 2788 rte·
1350 2741 1413 2802 Lv.
1437 2742 1622 2802 ΨΑΔΤΡΙΑ.

272 2821 383 2878 θθῐῑῑῖθῖ
396 2820 515 2877 Vincet·
1142 2854 1247 2913 Athen.
1267 2873 1318 2925 11,
1332 2874 1363 2931 p.
1379 2855 1454 2924 460,
1468 2852 1492 2910 E
1505 2875 1511 2910 :
1524 2852 1625 2932 ιίρηται
1634 2852 1715 2921 οὕτως
1727 2854 1894 2932 (κυλικεῖον)

628 2951 655 2989 ι.
680 2951 707 2988 a.
1102 2942 1181 3011 ἡτῶν
1188 2939 1319 3020 ποτηρίων
1333 2940 1529 3013 σκευοθήκη...
1540 2943 1574 3001 E.
1587 2942 1615 3000 έν
1628 2940 1737 3021 Λήδα...
1749 2942 1799 3001 κάν
1808 2944 1895 3003 Ψαλ·

310 3044 413 3104 Athen.
433 3061 525 3119 12„p.
541 3040 610 3119 559,
626 3042 647 3101 B
662 3063 668 3097 ε
683 3042 717 3101 Ea
733 3040 755 3099 δ’
768 3040 795 3099 έν
810 3037 956 3119 Χρυσίλλᾳ,
1105 3026 1162 3108 ῑρίξῑ
1175 3025 1202 3086 δὲ
1214 3026 1263 3107 lPii

368 3201 412 3212 —
426 3159 532 3237 Κακὸς
1201 3184 1246 3195 -
1260 3142 1310 3211 Τὰ
1324 3152 1461 3213 κυλικεῖα
1482 3139 1521 3218 δὴ

343 3274 444 3343 κακῶς
460 3265 614 3351 ἀπόλοιθ’,
632 3268 714 3342 ὅστις
729 3271 859 3356 γυναῖκα
874 3255 1009 3355 δεύτερον
1151 3246 1261 3344 ἐξεῦρεν
1273 3258 1360 3344 ἡμῖν.

342 3366 453 3465 ἔγημεί
470 3372 522 3438 τόν
538 3397 575 3464 γε
590 3380 709 3463 πρῶτον
721 3374 775 3437 οὐκ
793 3373 848 3462 ἐρῶ
862 3379 981 3448 κακῶς·
1101 3380 1181 3437 Libri
1195 3378 1240 3450 δέ,
1257 3380 1307 3436 sed
1316 3381 1400 3455 longe
1411 3391 1524 3454 praestat
1537 3382 1567 3435 in
1578 3379 1626 3437 tali
1638 3400 1670 3436 re
1682 3376 1714 3450 δὴ
1729 3382 1894 3454 ironicum,

342 3482 358 3542 ὁ
372 3478 425 3568 μ’,
439 3474 497 3569 γὰρ
513 3474 548 3550 ἦ,
563 3473 700 3570 ἄπειρος,
715 3472 820 3569 olym,
835 3487 889 3544 toti
902 3487 1014 3561 κακοῦ,
1086 3468 1139 3569 αιλο
1152 3487 1210 3542 quo
1221 3488 1248 3527 v.
1265 3468 1348 3526 lliad.
1365 3475 1400 3537 4,
1417 3467 1490 3538 ι80;
1505 3487 1553 3538 οι,
1569 3468 1635 3538 ι3ι,
1652 3469 1793 3544 Euripidis
1806 3471 1891 3527 indi-

272 3578 292 3651 5
341 3577 417 3668 ὁδ’,
435 3577 495 3649 οἷον
509 3580 544 3655 ἦν
560 3586 633 3676 γυνὴ
648 3583 754 3668 κακὸν,
770 3585 994 3675 πεπυσμένος...
1099 3557 1412 3700 Εὲῗυλιρχέχέἰίροορο.
1428 3557 1515 3612 Mein.
1532 3554 1562 3613 S.
1579 3556 1608 3627 3,
1629 3556 1657 3624 3,
1678 3576 1703 3627 a,
1723 3567 1778 3616 etc.
1792 3554 1826 3615 Δὲ
1843 3560 1893 3615 vel

1144 3790 1388 3847 INCERTORUM
1407 3790 1626 3850 DRAMATUM
1646 3792 1847 3865 RELlQUlAE.

1481 3921 1506 3961 1.

270 3708 316 3769 καὶ
328 3706 462 3791 προελθών
477 3731 556 3789 ρησιν

342 3810 369 3893 th
387 3827 445 3892 Ζεῦ
458 3822 658 3916 πολυτίμητ’,
675 3820 731 3891 εἶτ’
750 3827 808 3917 ἐγώ
823 3830 893 3890 τοτ’
905 3818 981 3916 (ἂν)
998 3851 1055 3891 κα·

995 3940 1055 4009 κῶς

341 4042 397 4129 ε’ρῶ
411 4046 576 4131 γυναῖκας;
592 4040 627 4112 νὴ
647 4034 707 4122 Δί’,
728 4033 896 4128 ἀπολοίμην
909 4030 984 4127 ἀραί

340 4144 465 4210 πάντων
475 4139 599 4236 ἄριστον
614 4142 802 4234 κτημάτων,
822 4141 848 4209 εἰ
861 4137 891 4208 δ’
908 4144 1026 4234 ἐγένετο
1147 4170 1197 4180 -
1211 4129 1295 4198 Εἰσὶν
1308 4137 1381 4222 ἡμῖν
1398 4139 1460 4197 τιῖιν
1479 4134 1669 4221 κεκλημένων
1683 4125 1737 4196 δύο

341 4251 420 4322 κακὴ
435 4251 508 4341 γυνη
524 4242 668 4333 Μηάεια,
689 4249 873 4320 Πηνελόπεια
888 4239 927 4321 δὴ
1172 4236 1221 4303 ἐπὶ
1235 4230 1354 4304 δεῖπνον
1366 4234 1502 4329 ἀμαχοι,
1518 4235 1712 4328 Φιλοκράτης
1728 4236 1780 4302 καὶ
1794 4244 1891 4304 orte-

274 4377 316 4422 10
343 4358 422 4448 μέγα
440 4357 575 4448 πρᾶγμ’·
594 4358 728 4446 ἐρεῖτις,
740 4359 779 4431 ὡς
792 4355 1055 4446 Κλυταιμνήστρα
1770 4349 1889 4440 κράτης

950 4466 1049 4536 κακή·
1171 4457 1242 4549 (ἕνα
1257 4456 1315 4552 γὰρ
1332 4463 1441 4524 ἐκεῖνον
1450 4457 1524 4523 ὄντα
1541 4450 1594 4522 δύο
1608 4452 1782 4549 λογίζομαι,

1138 4018 1241 4078 Athen.
1259 4038 1286 4088 1,
1296 4038 1327 4094 p.
1342 4017 1369 4088 8,
1382 4019 1423 4076 B:
1442 4018 1474 4077 F..
1489 4018 1504 4074 l
1517 4016 1631 4094 κωμικός
1640 4016 1703 4097 ρησί
1715 4014 1765 4074 που

340 4556 492 4638 λλκηστιν
508 4566 658 4638 ἀντέθηκα
672 4568 821 4658 χρηστόν.
835 4562 910 4632 ἀλλ’
924 4562 996 4642 ἴσως
1172 4569 1288 4657 μᾶλλον
1307 4558 1342 4631 δὲ
1354 4572 1434 4656 τρεῖς
1450 4560 1634 4656 μεγάλους),
1654 4561 1686 4629 ὃν
1702 4563 1751 4630 ἐπὶ
1766 4556 1889 4630 δεῖπνόν

338 4666 473 4764 Φαίδραν
488 4677 550 4764 ἐρεῖ
563 4681 664 4749 κακῶς
678 4694 741 4750 τις·
759 4669 859 4758 ἀλλὰ,
878 4675 913 4745 νὴ
928 4670 1002 4756 Δία,
1807 4695 1886 4735 ποτε

580 4855 739 4912 GRthAE.
1067 4854 1080 4904 .‘
1099 4860 1133 4910 10
1152 4854 1244 4925 magni
1261 4852 1395 4910 facienda.
1414 4852 1494 4910 Dicet
1512 4853 1627 4925 aliquis,
1648 4853 1883 4926 Clytaemnestram

267 4944 375 5011 Quanto
384 4940 457 4996 enim
471 4940 610 5013 pulchrius
624 4950 666 4998 eat
680 4947 725 5010 (te
733 4941 853 4998 obtestor
864 4946 891 5011 ),
911 4942 1052 5000 hominem
1644 4937 1745 5007 [fuisse
1758 4939 1858 4994 malam
1874 4956 1882 4992 ε

267 5028 338 5084 alere
354 5026 513 5095 hominem,
527 5029 549 5084 si
564 5029 653 5085 rictus
666 5030 801 5102 suppetit,
1152 5026 1276 5084 Alcontin
1288 5041 1424 5098 opponere
1432 5026 1506 5082 soleo
1518 5025 1642 5099 probam.
1654 5025 1707 5082 Sed
1718 5024 1833 5082 fortasse

267 5131 348 5189 quam
359 5130 483 5172 emerem
491 5116 542 5173 alis
551 5114 724 5189 plaudentem
734 5125 816 5189 atque
825 5115 962 5183 hiantem,
1151 5114 1203 5169 erit
1211 5113 1258 5184 qui
1269 5112 1392 5168 Phaedre
1404 5111 1556 5169 maledicat.
1575 5116 1629 5178 At,
1645 5128 1693 5185 per
1708 5114 1819 5181 lovem,

267 5203 310 5261 vel
322 5218 468 5277 passerem,
480 5204 523 5263 vel
538 5204 656 5271 simiam,
672 5204 832 5262 insidiosum
844 5202 962 5260 malum!
1151 5197 1235 5272 proha
1251 5214 1378 5271 quanam
1395 5196 1505 5255 tandem
1516 5197 1589 5255 fuit?
1599 5201 1743 5271 quaenam?
1756 5214 1796 5254 να
1812 5197 1882 5256 mihi

549 5292 765 5350 CHRYSILLA.
1750 5286 1880 5353 [miserot

649 5382 673 5431 t.
1151 5372 1206 5428 cito
1214 5371 1325 5444 quidem
1335 5372 1428 5444 probae
1437 5371 1546 5430 leminae
1560 5388 1604 5429 me
1618 5371 1763 5438 deficiunt3

353 5463 493 5521 -hlalus
1043 5459 1045 5464 '
1099 5465 1131 5516 15
1149 5460 1281 5518 malarum
1294 5476 1358 5517 vero
1372 5462 1454 5518 etiam
1467 5461 1567 5518 multas
1578 5460 1664 5518 habeo
1675 5460 1771 5518 dicere.

321 5550 392 5607 male
403 5548 695 5623 pereat,quicumque
707 5548 805 5605 iterum
816 5563 927 5605 uxorem
1393 5548 1581 5604 PSALTRIA.

320 5637 411 5694 ducit!
423 5639 469 5710 qui
481 5637 600 5709 primum
614 5635 742 5709 quidem,
757 5635 783 5693 ei
794 5650 851 5692 non
867 5635 940 5693 male
953 5634 1036 5692 dico:
1133 5663 1166 5674 -
1180 5633 1287 5689 ethaeos
1300 5633 1403 5690 scilicet

321 5722 365 5780 lric
378 5724 452 5780 enim
460 5722 601 5795 imperitus
613 5720 683 5789 fuit,
695 5722 803 5794 opinor,
814 5721 892 5789 mali;
1074 5723 1077 5752 ¹
1098 5722 1201 5779 invenit
1212 5720 1299 5778 nobie.

268 5816 285 5865 5
322 5809 367 5865 ille
376 5826 440 5867 vero
455 5817 595 5882 expertus,
607 5808 690 5882 quale
702 5807 804 5865 malum
817 5808 852 5865 sit
865 5807 996 5865 mulier...
1074 5755 1078 5905 ί
1275 5811 1328 5866 Ex
1348 5812 1515 5868 INCERTIS
1533 5812 1698 5868 FABULlS.

648 5900 675 5950 2.
921 5892 1052 5960 [ledicam
1075 5906 1077 5909 ⁴
1472 5903 1496 5953 1.

322 5979 519 6036 Ovenerahilis
536 5980 653 6052 Jupiter,
667 5978 815 6036 tandemne
831 5977 979 6051 aliquando
988 5985 1051 6037 'ma-
1075 5913 1078 5974 ι
1187 6013 1222 6025 -
1233 5984 1304 6039 Sunt
1314 5982 1392 6040 nohis
1404 5985 1493 6041 vocati
1507 5983 1562 6041 duo

322 6083 371 6138 ego
383 6066 563 6124 mulieribus?
579 6084 686 6141 peream
698 6067 788 6139 igitur.
1151 6068 1185 6125 ad
1195 6084 1302 6125 emnam
1311 6068 1492 6138 invincibiles,
1503 6070 1668 6127 Philocrates
1678 6078 1704 6127 et
1714 6069 1882 6128 Philocrates

324 6153 447 6212 omnium
459 6156 569 6227 optimae
578 6154 900 6228 posscssionumtquodsi
912 6155 982 6213 mala
992 6171 1051 6212 mu·
1074 6089 1078 6211 ί
1152 6164 1239 6222 (unus
1250 6157 1323 6212 enim
1336 6155 1382 6212 ille
1394 6172 1479 6228 quum
1492 6158 1541 6225 sit,
1553 6156 1622 6214 duos
1635 6172 1765 6224 numero,

988 6243 1053 6311 [lier
1073 6260 1075 6269 ·
1151 6242 1191 6298 vel
1214 6242 1302 6314 potius
1318 6250 1372 6300 tres
1388 6250 1535 6315 magnos),
1553 6259 1633 6317 quem
1652 6244 1687 6301 ad
1702 6260 1807 6301 coenam
1827 6246 1880 6301 ali·

324 6325 377 6384 luit
391 6325 503 6395 Medea,
517 6334 544 6384 at
557 6315 692 6401 Penelope
702 6341 768 6386 sene
1073 6332 1076 6356 ¹
1755 6332 1881 6402 [errando
