4084 8009
213 1506 250 1565 72
717 1489 923 1552 COMOEDIAE
945 1488 1111 1550 vetetis
1133 1490 1337 1564 REllQUlAE.

210 1631 336 1738 ubiqnon
347 1627 495 1684 nominato
507 1635 626 1681 auctore
646 1623 803 1680 allemntnr
817 1624 903 1680 verba
926 1613 996 1679 οὗτοι

210 1715 233 1773 δ’
248 1737 282 1773 αυ
296 1718 352 1779 σῦς.
370 1741 382 1763 ν
395 1715 438 1772 Μ.

575 1822 637 1893 157.

251 1941 349 1998 Sobel.
362 1940 460 2013 Eurip.
473 1939 559 1993 Rhes.
575 1931 779 2009 416,'llpoetn
797 1953 804 1993 :
819 1936 842 1991 ol
857 1931 994 2009 μίνποτη-

212 2029 267 2108 ρίου
281 2016 347 2093 εἶδος
362 2024 561 2097 ἐπιτηδειότατα
573 2023 634 2103 ἔχον
651 2022 714 2102 πρὸς
726 2022 773 2088 τὰς
787 2022 886 2097 ἀμυστὶ
897 2021 995 2091 πόσεις,

210 2122 246 2184 ὡς
260 2120 286 2176 ίν
301 2115 414 2193 Αὔγη...
431 2113 506 2171 ἄλλοι
523 2113 546 2170 δ’
560 2111 604 2171 ἐπὶ
619 2115 666 2183 τῆς
680 2110 805 2169 ἀπνιυστί
818 2110 919 2176 πόσεως
932 2108 994 2166 τότ·

211 2229 285 2267 ταισι
299 2204 328 2264 τθ
342 2203 441 2281 ὄνομα,
453 2202 550 2281 ὥςΚρ.

261 2318 338 2391 Ἀλλ’
348 2320 397 2389 οὗν
412 2319 469 2405 θεῷ
479 2317 656 2395 σπείσαντες
666 2313 795 2408 ἄμυστιν
805 2307 950 2383 δεῖπιιῒν.

211 2434 310 2492 Codex
330 2428 387 2490 θιδν
411 2429 550 2494 πείσαντες
578 2432 673 2505 pileto
690 2428 730 2485 δεῖ
748 2435 845 2487 πονεῖν.
869 2430 997 2487 Correxit

180 2552 183 2557 ·
212 2526 249 2581 L.
262 2521 477 2591 Diodors.‚nisi
486 2517 567 2593 quod
579 2516 713 2575 πείσαντ’
723 2520 818 2593 posuit
831 2520 891 2576 sine
904 2538 998 2576 neces·
1084 2559 1090 2571 .

212 2612 302 2669 ritate.
318 2612 450 2669 Fortasse
467 2607 504 2665 ad
518 2603 633 2676 Πυτίνην
647 2606 837 2665 referendum.

578 2716 643 2778 158.

208 2900 211 2906 ς
255 2837 352 2895 Schol.
369 2834 493 2891 Platonis
502 2833 622 2891 Bellrer.
638 2854 667 2910 p.
687 2833 743 2891 330
758 2855 763 2889 :
778 2831 973 2914 Ἀριστοφάνης.
991 2879 998 2893 .

214 2924 380 3003 tenentem
396 2921 440 2980 tut
454 2923 492 3002 τῷ
514 2919 643 2981 σκώπτειν
662 2919 710 2999 plu
727 2921 884 3000 Εὐριπίδην,
906 2932 997 2999 μιμεῖ.

214 3018 275 3072 σθαι
289 3014 312 3071 δ’
326 3010 415 3070 αὐτόν.
429 3012 479 3089 Κρ.

311 3131 365 3209 Τίς
383 3124 418 3198 δὲ
434 3133 483 3214 σός
498 3127 614 3221 κομψός
627 3154 673 3204 τις
692 3129 787 3218 ἔροιτο
809 3129 926 3204 θεατής·

262 3236 518 3327 θπολτπτολόγος,
541 3226 794 3327 pontionem,
815 3226 1001 3326 τθριπιδαρι-

804 3335 999 3432 στορανίζων.

217 3477 250 3532 V.
278 3493 288 3529 ι
305 3474 449 3528 Porsenns
463 3469 579 3525 Miscell.
600 3488 631 3542 p.
650 3467 707 3523 268
725 3488 731 3522 :
748 3465 785 3533 τίς
800 3466 827 3525 δὲ
842 3467 873 3525 σθ
887 3468 1001 3547 κομψόςς

217 3569 269 3626 πᾶς
280 3559 312 3617 ἄν
325 3582 364 3625 τις
378 3557 418 3636 tp.
436 3561 460 3617 θ.
476 3559 512 3615 V.
524 3577 541 3613 a
556 3557 656 3625 codex,
675 3567 706 3612 ut
717 3558 840 3626 ridetur,
855 3558 1001 3635 γνωμιδιώ-

218 3671 291 3722 κτητ.
311 3649 356 3708 ud
368 3650 488 3723 Pytiuen
503 3646 642 3705 referebat
656 3646 821 3705 Runlrelius.

583 3758 646 3834 159.

259 3875 353 3932 Schol.
369 3871 519 3945 Sophoclis
528 3870 566 3927 ad
577 3872 673 3946 Antig.
687 3868 809 3942 40θῖον
822 3871 904 3930 σθτδν
914 3875 1002 3953 νεκρὸν

220 3959 343 4025 Ἀπεῗπας
358 4002 364 4014 .
381 3956 410 4014 τὸ
424 3955 490 4027 ίξῆς·
502 3955 546 4014 τὸν
560 3954 663 4034 νεκρὸν,
675 3954 702 4014 θν
714 3955 746 4014 σθ
759 3959 873 4025 σἰπιῖπας
884 3960 1002 4023 θάπτειν.

220 4048 288 4107 ollem
303 4046 330 4105 δὲ
341 4048 458 4125 χρῶνται
472 4047 496 4103 ol
508 4043 633 4116 παλαιοί,
652 4042 720 4105 ὥστε
735 4044 780 4106 δύο
794 4047 886 4127 ἄρθρα,
901 4073 1003 4129 προτα-

220 4137 309 4195 κτικόν
324 4158 351 4193 τι
365 4132 411 4193 καί
431 4132 623 4206 ὑποτακτικὸν,
638 4134 707 4192 κατὰ
721 4139 767 4193 τοῦ
781 4137 860 4194 αὐτοῦ
879 4138 1004 4215 ὀνόματος

220 4222 450 4305 παραλαμόόνειν.
466 4226 517 4301 Κρ.

270 4335 369 4437 ὅνπερ
381 4344 547 4419 Φιλοκλέης
560 4343 611 4408 τὸν
627 4341 719 4435 λόγον
736 4333 897 4436 διέφθορεν.

225 4493 236 4515 ι
263 4464 347 4543 Λόγον
373 4466 470 4523 dicere
487 4464 601 4522 videtur
619 4476 819 4541 argumentum
841 4468 1002 4543 tragoediae,

221 4556 301 4631 quod
326 4556 468 4613 Philocles
492 4566 672 4631 corruperat,
694 4575 781 4631 quern
803 4556 1005 4633 Aristophanes

221 4665 337 4721 qnoque
355 4646 456 4702 irridet
469 4663 528 4701 non
542 4662 602 4699 uno
613 4646 690 4704 loco.
709 4669 720 4695 ν
739 4646 782 4702 Μ.

581 4757 646 4816 160.

261 4869 356 4926 Schol.
370 4868 514 4923 Theocriti
524 4866 610 4940 ldyll.
631 4878 660 4937 4,
677 4866 829 4942 ν8,1(ώμυς
844 4889 850 4923 z
866 4871 883 4937 ἡ
901 4866 1005 4944 δέσμη,

221 4953 280 5023 ἤτοι
289 4952 320 5011 τὸ
329 4951 480 5027 δεσμοίτιον,
489 4955 523 5018 ὡς
536 4955 589 5031 Κρ.
604 4981 616 5005 ι
627 4952 661 5015 Ὁ
672 4952 699 5011 δὲ
710 4953 766 5029 μετ’
779 4953 893 5026 εὖδήμου
907 4955 1006 5034 τρίχων

188 5079 195 5091 1
223 5040 352 5119 κώμυθος,
362 5039 409 5112 τὴν
425 5039 518 5112 λοιπὴν
528 5040 584 5120 ἔχει
599 5043 636 5122 τῷ
647 5041 777 5123 στεφάνῳ.
796 5068 808 5093 ι
826 5044 906 5118 (Duo
917 5046 1003 5103 codd.

223 5129 317 5204 λοιπὴν
338 5128 406 5211 ἔχων
425 5132 476 5188 τῶν
489 5153 596 5211 πρωων,
613 5135 657 5189 vel
667 5152 732 5190 cum
743 5133 856 5205 lineola,
871 5136 892 5194 i.
908 5154 934 5193 e.
951 5159 1007 5193 πα-

223 5218 335 5300 τρώων).
342 5218 359 5292 ἣ
367 5217 457 5296 κόσμος
466 5217 549 5295 δίσμη
560 5220 656 5301 χόρτου
663 5217 741 5292 ἱκανὴ
749 5222 784 5288 τίς
796 5221 904 5302 τρσρήν.
913 5227 1006 5282 Locus

223 5315 278 5368 situ
296 5312 433 5387 temporis
446 5321 597 5386 corruptus
612 5312 783 5385 :praesertim
792 5311 899 5369 Cratini
914 5334 1008 5371 versus

224 5412 289 5457 sunt
297 5403 407 5474 disjecti
416 5400 539 5455 ntembra
548 5412 650 5475 poetae,
667 5418 808 5475 vocesque
819 5403 933 5476 singulae
950 5414 1008 5458 tan·-

586 5603 647 5655 157.

223 5690 295 5746 Sane
303 5687 355 5747 deo
368 5688 483 5746 libantes
493 5688 610 5761 amystin
622 5686 700 5745 decet
713 5688 812 5745 hibere.

589 5781 649 5832 158.

225 5867 359 5939 Quisnam
375 5869 423 5921 tu?
438 5864 550 5935 elegans
561 5862 658 5934 aliquis
677 5870 813 5934 spectator
825 5863 984 5936 quaesiverit
1001 5881 1006 5916 :

225 5951 467 6025 subtililoquulns,
487 5949 684 6008 sententiarum
706 5958 828 6016 venator,
848 5947 1007 6023 euripidari·

587 6042 648 6094 159.
777 6035 1008 6108 [stophanissans.

226 6125 304 6199 Quod
318 6124 453 6184 Philocles
464 6133 655 6199 argumentum
668 6126 799 6197 eorrupit.

587 6219 648 6271 160.

227 6303 250 6357 u
264 6302 372 6374 reliquis
381 6310 472 6359 autem
485 6302 526 6357 vir
539 6318 601 6359 cunr
615 6300 756 6373 manipulo
767 6299 833 6356 bene
844 6302 933 6356 vincto

1045 1634 1105 1679 tuni
1121 1643 1181 1680 non
1199 1642 1298 1681 omnes
1320 1624 1498 1699 deprensum
1521 1622 1582 1679 haec
1605 1579 1723 1697 quidem
1744 1623 1843 1681 nobis

1042 1714 1204 1788 probabilia
1215 1713 1386 1768 videbantur
1398 1731 1404 1766 ε

1083 1824 1118 1884 ‘0
1133 1823 1160 1883 δὲ
1174 1827 1225 1882 τῶν
1240 1846 1270 1902 γι
1282 1825 1382 1882 λοιπῶν
1395 1821 1514 1898 κώμυθος
1525 1822 1652 1900 ιθδίσρου
1667 1821 1737 1899 μίτα

1082 1912 1182 1991 τρέχων
1196 1911 1279 1989 ίχίτω
1289 1908 1323 1967 eh
1338 1912 1431 1989 πρῶτα
1444 1912 1496 1967 τῶν
1511 1911 1645 1990 στεφάνων
1660 1909 1738 1990 ἀνήρ.

1044 2029 1166 2099 Λοιπῶν,
1180 2031 1346 2103 reliquorum
1361 2046 1509 2083 cursorum
1529 2030 1559 2083 in
1580 2026 1663 2085 ludis.
1674 2022 1759 2102 Κῶμ.
1774 2027 1841 2089 ιῦδ.

1044 2115 1126 2192 μέτα,
1142 2136 1203 2172 cum
1216 2118 1285 2172 bene
1304 2122 1401 2172 vincto
1411 2117 1563 2190 manipulo,
1579 2134 1665 2190 quem
1682 2115 1769 2171 hrisse
1783 2119 1841 2189 qui

1043 2223 1131 2260 manu
1155 2215 1298 2274 tenentes,
1315 2205 1390 2259 sicut
1408 2204 1480 2259 alios
1497 2203 1606 2273 facem,
1626 2213 1777 2261 currerent
1808 2205 1841 2260 in

1044 2294 1153 2363 stadio,
1174 2311 1209 2348 ex
1222 2293 1267 2348 his
1279 2302 1408 2367 apparet.
1427 2290 1514 2365 Quod
1530 2291 1639 2363 adjeci,
1657 2304 1760 2367 nptrnn
1779 2311 1843 2368 pn-

977 2432 982 2444 ,
1044 2384 1114 2438 riter
1125 2382 1269 2439 sententiae
1284 2400 1317 2437 ac
1327 2392 1439 2451 metro,
1453 2381 1619 2456 absorptum
1637 2393 1709 2456 puto
1724 2400 1742 2438 a
1755 2401 1839 2457 prae-

1046 2471 1164 2528 cedente
1176 2468 1272 2525 ·όνων.
1288 2472 1378 2525 Etiam
1389 2481 1532 2545 postrema
1541 2470 1706 2539 scholiasta,
1722 2471 1773 2526 vel
1783 2471 1842 2526 ali·

1047 2578 1126 2633 culus
1141 2560 1365 2634 interpolatoris,
1388 2558 1477 2614 verba
1490 2554 1508 2626 ἢ
1522 2555 1612 2633 κώμυς
1625 2570 1692 2627 etc,
1706 2577 1773 2613 non
1788 2576 1841 2613 ca·

1046 2659 1110 2703 rent
1130 2647 1251 2717 mendo,
1267 2646 1317 2703 sed
1338 2646 1503 2721 ponendum
1516 2646 1596 2701 haud
1614 2644 1701 2701 dubie
1714 2656 1760 2700 est
1775 2665 1841 2722 τρο-

1046 2732 1115 2813 χὴν,
1129 2754 1245 2801 cursum,
1266 2744 1297 2789 ut
1309 2732 1483 2809 significetur
1500 2733 1660 2808 manipulus
1670 2735 1841 2808 graminum

1047 2835 1130 2898 optus
1147 2823 1184 2879 ad
1203 2822 1379 2898 portandum
1391 2823 1422 2877 in
1444 2839 1539 2880 cursu.
1560 2823 1659 2896 Nuper
1672 2822 1847 2898 bleinchins¹

1047 2914 1106 2968 haec
1120 2912 1272 2986 proposuit
1286 2912 1396 2967 leniore
1411 2928 1481 2966 ausu
1500 2930 1506 2964 ε

1146 3023 1172 3095 ί)
1192 3024 1227 3095 δὲ
1247 3035 1315 3120 μετ’
1333 3020 1476 3120 Εὐδόμου
1490 3031 1607 3121 τρέχων

1096 3136 1220 3226 κόρυθα
1233 3140 1288 3210 τὴν
1299 3140 1412 3209 λοιττλν
1427 3136 1492 3226 ἔχει
1504 3143 1566 3200 τῶν
1577 3130 1708 3226 πρωίων.

1409 3256 1473 3312 ιθι.

1089 3369 1169 3426 ldern
1191 3388 1221 3443 9,
1241 3387 1276 3443 19
1294 3388 1300 3423 :
1321 3364 1429 3424 εἰώθασι
1443 3365 1492 3445 γὰρ
1508 3366 1607 3445 ἔγκατα
1625 3361 1778 3435 πλήσαντας
1793 3365 1841 3425 καθ

1049 3454 1204 3536 ξηρόναντες
1221 3455 1314 3513 θπτᾶν·
1335 3444 1391 3512 εἶτα
1413 3454 1526 3512 ἐσθίουσι
1544 3458 1643 3523 ταῦτα,
1661 3451 1740 3510 θκαὶ
1755 3453 1842 3533 χόρια

1049 3543 1280 3625 προσαγορεύωσι.
1291 3546 1305 3576 *
1319 3571 1331 3596 ι
1347 3544 1433 3621 Κρατὶ
1447 3542 1593 3622 νιοτρόροιο
1604 3544 1614 3618 (
1626 3542 1685 3599 duo
1695 3545 1763 3603 vn.
1780 3563 1842 3601 νισ·

1050 3632 1158 3715 stipor]
1176 3633 1279 3710 γέννας,
1294 3630 1372 3712 χόριοί
1391 3633 1432 3707 τ’,
1456 3630 1577 3711 ίμὸρθων
1591 3653 1620 3688 τε
1639 3627 1739 3700 πλήθη.
1756 3656 1770 3678 ι
1786 3629 1841 3706 tp-

1050 3722 1127 3803 θρυον
1139 3720 1191 3801 γδρ
1202 3719 1254 3778 dnh
1264 3725 1309 3779 τοῦ
1323 3721 1349 3776 ἐν
1361 3721 1445 3799 ἑαυτῷ
1459 3717 1506 3789 τὴν
1522 3717 1602 3797 βσρδιν
1612 3718 1681 3796 ἔχειν
1693 3716 1725 3796 (il
1735 3759 1744 3789 ,
1755 3714 1776 3787 ἢ
1787 3717 1845 3777 dnh

1049 3818 1095 3873 τοῦ
1119 3810 1239 3891 ἐμόρόειν
1262 3809 1294 3889 (i)
1314 3808 1359 3867 καὶ
1380 3807 1513 3876 αὔξεσθαι.
1535 3809 1726 3865 Probabiliter
1745 3808 1843 3871 blein.

1052 3901 1206 3982 ξηραίνοντες
1218 3919 1274 3975 pro
1287 3896 1457 3976 ξηραίνοντες.
1472 3898 1583 3955 Deinde
1599 3898 1711 3973 legam:
1732 3896 1846 3975 Κρατῖ-

1051 4013 1092 4057 νος
1105 3991 1216 4068 (nunus
1225 3989 1319 4064 placet
1333 3985 1440 4064 Κράτης
1450 3984 1471 4062 l·

1174 4105 1342 4197 Νεότρορον
1359 4105 1455 4194 γένος,

1099 4213 1188 4307 χόρισί
1204 4218 1232 4277 τ’
1253 4206 1386 4305 ἐρόρύων
1403 4236 1438 4276 τε
1454 4210 1566 4281 πλήθη·

1052 4353 1080 4397 et
1091 4343 1121 4396 in
1132 4339 1188 4397 fine
1198 4341 1373 4396 scholiorum
1389 4334 1442 4394 ἀπὸ
1456 4339 1501 4393 τοῦ
1516 4333 1613 4413 βρύειν.
1627 4332 1779 4412 Νεότρορον
1791 4336 1849 4411 γέ-

1051 4449 1106 4500 νος,
1118 4430 1236 4486 sortasse
1253 4426 1366 4506 ἰχθύων,
1385 4427 1435 4500 qui
1452 4425 1605 4481 laudantur
1618 4434 1766 4494 recentes,
1782 4424 1848 4482 νεό-

1051 4536 1152 4594 τροροι,
1166 4514 1229 4574 νίοι.

1415 4628 1478 4683 162.

1092 4742 1188 4798 Schol.
1210 4740 1340 4815 Thucyd.
1368 4760 1395 4809 1,
1419 4741 1456 4795 30
1481 4761 1487 4794 :
1511 4740 1672 4817 τροπαῖον
1696 4741 1713 4806 ἡ
1734 4738 1849 4799 παλαιὰ

1054 4826 1148 4898 Ἀτθὶς,
1172 4823 1203 4897 ἧς
1224 4826 1294 4885 ἔστιν
1314 4825 1445 4898 Εὔπολις,
1470 4827 1613 4905 Κρατῖνος,
1635 4825 1847 4903 Ἀριστοφάνης,

1053 4914 1227 4985 Θουκυδίδης·
1255 4914 1421 4993 τρόπαιον
1446 4913 1523 4985 ἠνία
1541 4913 1640 4990 Ἀτθὶς,
1656 4905 1685 4984 ἧς
1707 4910 1766 4990 ἔστι
1784 4914 1848 4975 Μί-

1053 5003 1158 5082 νανδρσς
1170 5001 1215 5059 καὶ
1230 5004 1254 5059 oi
1265 5001 1350 5060 ἄλλοι.
1363 5005 1471 5060 Similia
1486 5003 1595 5060 Suidas.

1414 5118 1478 5174 163.

1094 5231 1190 5286 Schol.
1206 5232 1322 5286 llonieri
1336 5230 1370 5287 ll.
1388 5232 1420 5298 B,
1437 5229 1493 5286 56:
1510 5224 1668 5283 ἐνύπνιον
1682 5226 1847 5297 ὀνοματικὸν

1054 5314 1188 5396 ίπίρρημα
1199 5315 1256 5373 ἀντὶ
1269 5320 1314 5375 τοῦ
1327 5317 1461 5382 ἐνυπνίως.
1473 5315 1528 5373 ἔστι
1542 5314 1570 5371 δὲ
1583 5313 1628 5371 καὶ
1635 5312 1718 5388 ὄνομα
1730 5314 1771 5370 δεῖ
1783 5314 1847 5394 (εἰσ)

1056 5405 1183 5481 Κρατῖνος
1201 5428 1212 5459 r
1231 5404 1386 5483 Θρότττι
1412 5428 1449 5480 με
1475 5403 1508 5461 τὸ
1529 5403 1707 5461 ἐνύπνιον.
1733 5427 1746 5451 ν
1766 5406 1846 5463 eod.

1610 5535 1826 5549 .....--....

1055 5622 1168 5663 currens
1180 5606 1278 5663 habeto
1291 5608 1409 5680 primam
1419 5621 1558 5663 eoronam.
1571 5636 1606 5646 -
1615 5608 1697 5659 Stre:

1146 5692 1266 5752 lllecum
1275 5693 1398 5751 Eudemo
1406 5708 1520 5749 currens

1057 5780 1224 5853 manipulum
1236 5780 1465 5854 uuumrehquum
1476 5780 1556 5836 hahet
1568 5795 1598 5835 ex
1612 5777 1767 5834 matutinis.

1417 5875 1476 5924 161.

1090 5986 1126 5998 -
1137 5960 1245 6013 Recens
1254 5956 1383 6012 eductum
1393 5970 1476 6027 genus
1486 5961 1496 6020 (
1502 5955 1621 6025 piscium
1631 5950 1662 6017 θ)

1055 6051 1083 6100 et
1097 6042 1254 6111 sarcimine,
1268 6050 1295 6098 et
1306 6041 1480 6115 ernbryorum
1490 6040 1605 6112 copiam.

1418 6134 1477 6185 163.

1056 6221 1151 6275 Terret
1165 6234 1206 6274 mc
1222 6217 1371 6274 somnium.
