4084 8009
208 1485 266 1537 tto
725 1473 845 1534 NOVAE
865 1474 1072 1538 COldOEDlAE
1094 1478 1295 1553 lillLlQUlAE,

256 1620 315 1677 Τοῦ
331 1606 442 1703 μήποτ’
460 1609 549 1678 otieris
558 1613 700 1701 ἐμπεσεῖν
710 1608 752 1686 είς
767 1602 872 1678 Λαΐδα
1037 1606 1134 1680 λίθοις,
1158 1624 1235 1668 recte
1259 1613 1418 1689 Schweigh.
1445 1611 1533 1679 λίνοις.
1556 1618 1657 1673 Melius
1675 1630 1775 1675 ,utem
1796 1621 1840 1676 ,γε

257 1716 427 1810 φερόμενῦν,
439 1715 457 1791 ἢ
469 1708 666 1798 Humili&
678 1711 870 1808 Σισύμςρων,
1038 1700 1181 1755 scribatur
1193 1701 1241 1757 hic
1256 1720 1354 1758 versus
1370 1724 1375 1755 :

256 1823 276 1899 ἢ
294 1824 458 1917 Βάδαθρονι
475 1822 697 1907 ἦθῡῗδλθυσανι
713 1822 855 1895 dimi
869 1818 959 1907 Wl‘s
1088 1842 1129 1911 ὧν
1145 1829 1377 1938 ipolixcao'ai
1393 1850 1559 1942 μαστροποὶ
1570 1856 1664 1918 τοῖσιν
1671 1852 1784 1932 λίνοις.

192 1947 195 1953 ·
257 1926 298 1993 ὧν
307 1932 487 2020 ἐμπλέκουσι
500 1934 564 2007 τοῖς
578 1926 672 2005 λίνοις
688 1930 722 1994 αἱ
739 1929 908 2021 μαστροποί

258 2028 300 2127 [ἢ
317 2033 454 2117 Νάννιον,
468 2032 488 2107 ἢ
505 2029 703 2129 Μαλθάκηη.
1041 1993 1082 2047 De
1094 1988 1151 2047 fide
1160 1993 1315 2049 verborum
1328 1994 1535 2050 inclusorumin
1546 1994 1602 2051 fine
1612 1995 1747 2053 dubitans
1756 1998 1840 2065 Mei.

1039 2080 1106 2136 nelr.
1123 2092 1219 2137 tamen
1237 2082 1354 2138 laterem
1373 2083 1444 2139 lavit
1458 2084 1611 2140 scribendo
1628 2081 1780 2161 Ναννάριον
1800 2084 1840 2141 ad

213 2188 226 2214 ι
243 2166 309 2221 Haec
326 2164 461 2221 videntur
472 2182 531 2220 esse
542 2164 629 2220 verba
642 2166 732 2239 patris
743 2165 778 2221 de
788 2162 848 2221 lilio
862 2165 993 2236 solliciti,
1039 2169 1123 2223 metri
1142 2188 1288 2238 normam,
1305 2180 1333 2225 et
1345 2169 1381 2225 de
1391 2172 1508 2227 nomine
1521 2173 1682 2229 meretricio
1695 2169 1839 2241 Μολθᾶιιη

210 2269 246 2309 ne
259 2253 442 2308 meretricum
458 2252 605 2309 amoribus
623 2254 778 2311 irretiatur.
798 2255 887 2310 Versu
900 2261 917 2321 l,
929 2253 996 2309 libri
1040 2257 1132 2311 evolvi
1141 2256 1224 2328 jussit
1234 2260 1306 2315 llist.
1321 2258 1385 2314 crit.
1400 2261 1481 2316 Com.
1491 2279 1524 2334 p.
1539 2260 1606 2335 329.

210 2422 236 2472 2.
252 2419 293 2474 Ne
302 2416 347 2474 ille
360 2432 483 2490 unquam
493 2417 595 2474 incidat
609 2417 759 2473 mucltatus
1044 2420 1085 2476 vel
1101 2420 1266 2488 Barathron,
1281 2421 1322 2477 vel
1334 2423 1507 2488 Thallnsam,
1520 2423 1562 2480 vel
1573 2424 1686 2478 istarum
1699 2422 1840 2495 aliquam,

210 2505 238 2562 in
251 2503 381 2573 Laidem,
392 2504 433 2561 vel
446 2502 629 2578 Myconidern,
642 2504 682 2560 vel
697 2504 883 2577 Sisymhrion,
1043 2522 1158 2580 quarum
1173 2508 1274 2564 retibus
1286 2509 1426 2580 implicant
1438 2509 1516 2565 lenae.

931 2755 1103 2770 ——

371 2945 631 3064 NOVAE
679 2945 1139 3064 COMOEDIAE
1186 2947 1661 3108 RELIQUIAE.

532 3179 681 3239 Lxxvlt.
1046 3201 1105 3257 prae
1124 3183 1186 3237 eliis
1201 3181 1413 3253 meretricibus,
1432 3183 1511 3239 velut
1520 3185 1668 3258 Myrrhina
1681 3186 1838 3262 (Alciphr.

493 3304 716 3373 panno.-
1048 3268 1839 3422 tristitiamiahtsah-².

571 3460 643 3472 -·
1045 3401 1131 3504 laude
1144 3401 1376 3519 cornmeuddtur3
1394 3466 1453 3504 nau
1468 3379 1571 3506 diesunt
1590 3382 1785 3525 tamem&
1797 3454 1836 3510 ab

526 3561 691 3623 LXXVIII·
1047 3536 1243 3609 antiquiorum
1256 3537 1418 3592 Atticorum
1433 3536 1575 3595 munditie
1586 3550 1615 3595 et
1625 3540 1752 3595 castitate
1765 3541 1835 3597 lan·

1048 3623 1113 3697 gius
1124 3622 1268 3679 recedant.
1288 3647 1300 3672 ι
1324 3625 1432 3698 Mein,
1446 3625 1496 3699 qui
1510 3624 1595 3681 docte
1614 3625 1649 3683 de
1668 3625 1836 3684 fabularum

474 3695 743 3764 MENANDER.
1047 3711 1135 3767 titulis
1147 3710 1280 3767 disseruit
1293 3712 1367 3768 llist.
1380 3713 1445 3771 crit.
1462 3732 1493 3788 p.
1506 3712 1649 3789 449-457.

232 3853 369 3908 ·H0rum
390 3862 531 3927 poetarnm
546 3853 681 3926 reliquias
693 3852 782 3936 habes
805 3854 836 3909 iu
859 3872 895 3910 eo
917 3856 1001 3911 volu·
1334 3849 1360 3908 l.
1383 3848 1537 3909 arnoll.

217 3947 293 4003 mine
314 3945 395 4021 qnod
418 3947 637 4024 Aristophanem
653 3950 799 4021 continet;
814 3950 856 4006 ibi
880 3962 999 4026 praeter·
1088 3972 1174 4026 Em,
1191 3972 1240 4044 qui
1266 3971 1339 4025 hanc
1362 3955 1487 4027 fab'ulm
1507 3969 1639 4032 caffiadae
1659 3973 1836 4045 mmmm,

217 4042 299 4100 mina
309 4043 439 4119 quasdam
451 4043 621 4120 supplentur
632 4044 662 4099 in
672 4041 730 4101 fine
739 4045 892 4102 voluminis
900 4046 998 4120 hujus.
1047 4078 1138 4143 poet„
1150 4068 1266 4124 ,nunde
1280 4069 1390 4144 5311010,

571 4201 649 4213 .-
1428 4197 1439 4235 ι

457 4314 459 4317 ’
533 4306 684 4368 Lxlel.
1087 4291 1191 4351 Athen·
1203 4312 1233 4367 9,
1245 4312 1276 4368 p.
1293 4299 1362 4363 iot,
1377 4296 1402 4349 A
1416 4312 1423 4348 ι
1439 4291 1584 4349 καλοῦνται
1597 4288 1626 4348 δι’
1639 4313 1706 4360 τινες
1719 4290 1765 4348 καὶ
1784 4314 1838 4371 χε-

1048 4377 1162 4436 λιδονίαι
1175 4377 1284 4453 λαγωοί.
1304 4377 1464 4456 μνημονεύει
1475 4377 1497 4435 δ’
1510 4380 1596 4436 αὐτῶν
1606 4377 1738 4457 Δίοιλοςῆ
1752 4380 1838 4440 Καλ-

498 4440 723 4509 DIPHHJUS·
1047 4464 1138 4536 λιᾶδης
1152 4468 1180 4525 ἐν
1194 4462 1292 4547 Ἀγνοίᾳ
1307 4466 1397 4540 οὕτως,

262 4627 273 4651 ι
290 4603 317 4657 ls
331 4602 457 4677 Sinopen
473 4603 596 4677 petriam
608 4600 727 4671 hahuit,
744 4601 846 4657 urbem
860 4600 999 4657 honarum
1144 4639 1191 4648 -
1208 4626 1236 4665 α,
1251 4597 1288 4665 Τί
1299 4609 1406 4685 roim
1424 4591 1562 4674 ποδαπὸς
1576 4596 1681 4681 οὗτος;

165 4754 170 4763 .
218 4693 320 4747 artium
335 4689 437 4745 studiis
450 4687 608 4745 florentem.
625 4691 844 4763 Strabo1a,p.
864 4688 932 4758 546,
948 4685 998 4744 ἄν·
1097 4709 1127 4789 β
1159 4698 1354 4781 Χελιδόνεως
1378 4710 1394 4771 ὁ
1422 4699 1582 4782 (mm.
1613 4708 1741 4798 γλυκεῖα
1756 4696 1787 4769 δι
1812 4713 1833 4780 ,ὁ

219 4779 280 4855 δρας
295 4774 323 4832 di
338 4772 474 4852 ἐξήνεγκεν
500 4776 640 4854 (Sinope)
662 4774 774 4855 ἀγαθοὺς
795 4778 848 4833 τῶν
863 4773 910 4850 μὲν
928 4776 1001 4855 φιλο·
1697 4812 1705 4831 1

218 4864 304 4941 σόφων
324 4862 434 4937 Διογένη
452 4864 497 4920 τὸν
517 4864 647 4936 Κυνικὸν,
670 4864 715 4922 xal
734 4861 866 4938 Τιμόθεον
886 4861 929 4919 τὸν
943 4864 1002 4922 Πα·
1671 4836 1832 4903 mimim-

218 4950 313 5029 τρίιονο
333 4951 440 5025 lilort.
460 4950 504 5010 τδν
523 4950 628 5029 Πατρῆ’
646 4950 724 5023 ὄντα,
739 4955 830 5009 Patris
851 4956 880 5008 in
893 4954 1002 5026 Achaja
1047 4955 1152 5010 Vitiose
1168 4953 1234 5008 libri
1252 4951 1366 5028 γλαυκῖοι
1386 4952 1420 5022 δ’,
1440 4952 1519 5027 quod
1540 4947 1702 5008 emendavit
1721 4954 1806 5011 Mein.
1824 4972 1833 5014 t

219 5039 506 5115 oriundum.Both.),
519 5041 570 5095 τῶν
581 5039 608 5097 δὲ
618 5042 733 5110 ποιητῶν
744 5039 851 5118 Δίφιλον
864 5041 907 5099 τὸν
922 5064 1002 5116 κοιμι-
1052 5067 1065 5092 ε
1091 5040 1256 5100 Χελιδόνειον
1274 5043 1402 5116 leporem
1428 5041 1512 5112 dicit,
1540 5041 1702 5097 hirundinis
1727 5042 1829 5117 instar,

218 5126 273 5186 κόν.
287 5132 452 5206 Anonyrnus
463 5130 505 5184 De
520 5127 602 5187 Corn.
617 5148 648 5203 p.
667 5148 706 5185 xv
723 5129 851 5207 :Alpion
868 5129 1003 5198 Σινωπεὺς
1047 5133 1194 5207 superiore
1210 5141 1290 5205 parte
1303 5131 1397 5204 pulla,
1420 5143 1519 5188 ventre
1536 5132 1620 5200 albo,
1642 5143 1674 5186 ut
1696 5141 1737 5187 est
1751 5129 1831 5204 apud

218 5214 347 5275 κατδτδν
366 5213 443 5273 αὐτὸν
461 5214 553 5295 χρόνον
575 5215 675 5285 ἐδίδαξε
695 5216 947 5296 Μενάνδρῳ(οἱιόε
972 5239 999 5280 a.
1048 5224 1205 5275 Varronem
1218 5221 1261 5274 De
1275 5236 1305 5273 re
1327 5228 1397 5273 rust.
1419 5216 1447 5287 3,
1474 5237 1524 5288 ιν,
1540 5219 1590 5273 uhi
1611 5238 1639 5277 ν.
1664 5217 1830 5274 Schneider.

220 5305 274 5376 337
297 5316 362 5361 ante
384 5305 450 5364 Chr.
471 5305 562 5381 nah),
585 5305 694 5384 τελευτᾷ
719 5305 742 5360 δ’
760 5305 785 5361 ἐν
808 5305 928 5384 Σμύρνῃ.
946 5310 1002 5381 Qui
1046 5326 1075 5380 p.
1092 5305 1160 5376 557.
1176 5308 1252 5363 Eust.
1267 5306 1303 5360 ad
1316 5304 1418 5377 Odyss.
1438 5323 1466 5378 p.
1485 5304 1575 5377 1925,
1598 5304 1633 5367 [ιδ
1652 5323 1658 5357 :
1675 5300 1760 5360 ἰστέον
1786 5302 1829 5360 δτι

218 5414 283 5450 eum
302 5393 539 5470 praestantissimis
563 5414 644 5450 novae
667 5394 814 5451 comoediae
837 5397 1013 5453 auctoribus·
1047 5392 1202 5472 παρώνυμοι
1221 5390 1335 5471 χελιδόνι
1349 5391 1423 5468 παρὰ
1437 5394 1474 5468 τῷ
1492 5388 1699 5468 Δειπνοοοοίοτῃ
1725 5390 1833 5468 χελιδο-

218 5494 364 5551 accenset,
386 5501 474 5558 quum
490 5485 669 5557 aliquatenus
686 5483 786 5538 mediae
801 5484 903 5539 reserat
927 5486 1003 5560 inge·
1037 5481 1101 5556 Ινίοιι
1115 5479 1223 5557 λαγωοί.
1245 5485 1356 5540 τοιοῦτοι
1371 5479 1398 5537 δὲ
1413 5478 1475 5544 ἴσως
1496 5479 1520 5536 cl
1539 5477 1593 5537 ἄνω
1609 5477 1656 5552 μὲν
1671 5480 1687 5510 ⁴
1703 5477 1825 5555 μέλανες.

218 5573 297 5627 nium
311 5573 443 5645 mythicis
459 5574 646 5648 argumentis,
665 5591 727 5645 quae
749 5572 926 5645 frequentat;
943 5591 1002 5645 quo
1047 5568 1080 5628 rt
1095 5569 1122 5628 δὲ
1135 5568 1372 5629 unianimitatem.
1392 5595 1404 5619 ι
1421 5572 1513 5625 Immo
1535 5563 1698 5641 ὑπομέλανες
1767 5566 1821 5623 lea·

217 5662 342 5733 pertinet
366 5661 451 5716 etiam
476 5660 570 5718 fabula
589 5660 707 5737 Sappho
733 5660 876 5735 inscripta.
892 5660 1002 5718 Eodem
1048 5657 1098 5718 κοί.
1113 5659 1426 5730 Permiscuerunthaec,
1440 5657 1555 5730 opinor,
1575 5655 1725 5710 oscitantes
1739 5654 1853 5722 libra-⁴

217 5752 369 5821 Anonymo
384 5758 502 5804 auctore
524 5747 623 5805 docuit
644 5760 755 5804 centum
778 5749 950 5819 comoedias,
972 5752 1002 5806 in
1046 5749 1100 5819 rii,
1117 5760 1144 5804 et
1158 5748 1243 5804 semel
1263 5747 1366 5821 scripta
1389 5756 1500 5800 mutare
1522 5745 1675 5798 noluerunt
1698 5753 1776 5797 metu
1797 5744 1832 5797 li·

218 5835 324 5909 qnibns
336 5848 415 5892 eram
438 5854 508 5911 quas
526 5839 587 5913 ipse
601 5838 633 5893 in
649 5855 733 5894 scena
747 5839 817 5913 egit,
832 5849 901 5894 teste
921 5842 999 5912 Lyn·
1048 5848 1128 5894 turae.
1143 5836 1243 5895 Niveos
1259 5836 1371 5910 lepores
1386 5834 1455 5888 dixit
1469 5833 1605 5905 Calpnrn.
1627 5831 1723 5903 Eclng.
1737 5848 1766 5902 7,
1780 5827 1830 5886 58.

218 5941 269 5978 ceo
292 5923 387 5979 Samio
413 5945 458 6000 ap.
482 5927 586 5984 Athen.
615 5926 662 5998 13,
679 5916 711 6000 p.
736 5924 811 5996 583,
830 5928 862 5985 F.
891 5927 1004 5981 Amavit
1048 5926 1116 5981 Rari
1128 5925 1241 5999 lepores
1255 5923 1346 5999 nigri,
1366 5940 1459 5995 neque
1475 5919 1510 5975 de
1531 5920 1565 5974 iis
1582 5918 1719 5993 cogitavit
1734 5916 1832 5972 Eusta-

942 6094 1105 6150 lNSClTlh.

1006 6206 1032 6255 1,
1133 6235 1136 6241 .

254 6326 289 6340 ··-
304 6316 328 6356 a.
344 6300 415 6372 Quid
425 6301 494 6358 hoc?
506 6302 581 6373 cujas
592 6301 657 6358 hic?
1012 6288 1018 6370 l
1045 6304 1072 6360 h.
1089 6299 1371 6372 Chelidoniuslepns3
1384 6298 1473 6355 dulcis
1482 6304 1574 6354 autern
1586 6302 1626 6350 est
1638 6290 1793 6360 miniarcys.
