4084 8009
226 1547 281 1596 200

316 1725 364 1734 »-
381 1688 540 1778 Συνέτυχεν
558 1686 666 1766 ἐξιόντι
682 1710 734 1774 μοι

268 1788 420 1884 ἅνθρωπος
432 1790 566 1882 ἀποφρὰς
580 1789 631 1855 καὶ
651 1792 773 1873 βλέπων
793 1790 950 1855 ἀπιστίαν.

219 1922 329 1992 Quibus
350 1922 408 1975 liaec
431 1920 638 1991 subjiciuntur,
664 1914 834 1973 Ἀπιστίαν
860 1916 972 1993 βλέπει
993 1937 1000 1974 :

219 2006 340 2071 Εὔπολις.
357 2003 528 2079 σημαίνειτδν
537 2001 720 2061 ἀπιστότατον.
737 2005 920 2078 Etym.tt.p.
937 2004 1002 2078 ι3ι,

222 2104 280 2168 ¹9:
301 2093 346 2151 καὶ
366 2092 424 2158 τοὺς
446 2089 572 2172 πονηροὺς
591 2090 618 2148 δὲ
640 2091 832 2169 ἀποφράδας
853 2092 1003 2156 ἐπιθετικῶς

217 2180 355 2252 ἐκάλεσαν,
372 2170 424 2238 οἷον
446 2206 457 2228 «ι
474 2176 671 2256 Ἄνθρωπος...
689 2178 822 2237 ἀπιστίαν.
841 2205 853 2229 »
872 2204 883 2228 ι
901 2181 1001 2235 Homi-

216 2290 282 2324 nem
297 2270 435 2325 nefarium
450 2266 592 2346 ἀποφράδα
608 2268 679 2324 dixit
693 2270 775 2324 etiam
791 2269 929 2323 Lucienus
941 2269 1000 2325 vol.

218 2359 245 2425 3,
258 2376 289 2431 p.
310 2358 386 2426 611,
402 2368 431 2414 et
454 2359 577 2413 incertus
598 2359 720 2429 scriptor
738 2357 815 2429 apud
835 2356 951 2412 Suidam
972 2376 1000 2410 v.

216 2443 345 2522 Ἡνίοχος.
364 2471 376 2496 ν
395 2448 420 2501 Ε
433 2448 477 2505 Μ.

583 2559 631 2614 23.

254 2670 334 2726 ldem
349 2670 388 2728 ib.
400 2689 427 2743 p.
445 2669 491 2738 43,
509 2667 787 2745 ι5,Θρύπτεσθαι
806 2686 814 2727 t
832 2661 1000 2743 ὡραίζεσδαι.

215 2755 295 2837 ἄμφω
309 2758 340 2815 Ε.
357 2756 576 2833 ὡραῖζομένη
596 2755 650 2813 καὶ
670 2754 896 2835 θρυπτομένη.
917 2754 1001 2812 lllein.

213 2847 326 2920 scripsit

262 2953 434 3051 ιλρᾳζομένη
455 2960 503 3024 καὶ
527 2961 729 3050 θρυπτομένη.

581 3094 629 3152 υ4.

255 3198 379 3255 Gramm.
398 3199 517 3254 Belslseri
541 3198 649 3255 Anecd.
672 3219 703 3271 p.
720 3198 792 3266 436,
811 3199 826 3253 3
846 3218 852 3251 :
872 3195 1001 3255 Ἀποστά-

214 3305 281 3358 σιον,
297 3283 342 3341 καὶ
356 3284 548 3363 λιποστράτιον,
557 3285 602 3342 καλ
615 3284 701 3341 πάντα
716 3284 883 3355 τὰτοιαῦτα,
900 3285 1000 3342 οὐδετέ-

215 3394 263 3447 ροις
282 3371 499 3450 σχηματίζουσιν.
517 3374 553 3432 Ε.
576 3401 587 3422 «ι
607 3372 660 3431 Καὶ
672 3371 722 3449 γὰρ
743 3372 867 3449 αἰσχρδν’
884 3373 1001 3448 ἀλογίους

212 3482 236 3513 τι
251 3460 350 3537 ὀφλεῖν.
369 3485 381 3510 ι
406 3464 448 3516 lta
467 3461 568 3517 codex.
588 3462 732 3517 Beltkerus
747 3459 851 3535 ἄλογίου
866 3482 900 3520 τι.
914 3465 1001 3518 Recte

214 3551 299 3607 Mein.
317 3561 433 3606 auctore
445 3551 567 3625 Bergkio

260 3702 308 3709 —-
327 3662 385 3728 Καὶ
401 3661 457 3754 γὰρ
475 3663 595 3754 αἰσχρὸν
609 3663 732 3755 ἀλογίου
750 3658 808 3727 ’στ’
825 3668 940 3753 ὀφλεῖν.

586 3808 632 3863 25.

251 3919 330 3974 Idem
346 3922 385 3978 ib.
406 3940 437 3994 p.
461 3921 535 3995 451,
554 3942 605 3989 ιο,
620 3919 792 3996 Ἀσελγέςι
814 3928 866 3977 πᾶν
886 3920 916 3977 τδ
935 3943 999 4000 ope·

211 4008 269 4086 δρδν
290 4010 335 4067 καλ
350 4009 443 4087 βίαιον.
462 4012 507 4069 καὶ
519 4010 642 4088 ἀσέλγεια
657 4015 674 4081 ἡ
689 4013 748 4086 μετ’
762 4014 932 4093 ἐπηρεασμοῦ
954 4013 999 4071 καὶ

210 4097 368 4175 θρασύτητος
377 4098 433 4178 βία.
446 4101 490 4157 καὶ
498 4099 610 4175 ἀσελγὴς
620 4103 634 4157 δ
644 4099 788 4179 ἀνάγωγος.
797 4101 996 4177 Δημοσθένης...

211 4183 255 4242 καὶ
267 4190 281 4244 ὁ
293 4187 408 4263 κωμικὸς

262 4294 363 4395 (temp
380 4305 487 4395 ἀνέμου
507 4296 637 4396 ’ξαίφνης
656 4306 797 4398 ἀσελγοῦς
810 4310 980 4400 γενομένου.

214 4457 224 4480 ι
245 4433 375 4505 Eupolidi
390 4434 533 4489 vindicavi
545 4447 666 4508 propter
681 4433 845 4508 Pollucem,
866 4457 916 4494 ιιι
937 4457 943 4495 :
961 4441 994 4496 E.

212 4518 238 4576 δὲ
258 4519 302 4576 καὶ
331 4520 449 4597 ἄνεμον
475 4522 602 4596 ἀσελγῆ
623 4512 680 4578 εἶπε
699 4520 743 4580 τὸν
763 4522 854 4601 βίαιον.
871 4528 992 4600 Hesych.

211 4630 232 4665 s.
245 4629 274 4666 v.
289 4608 366 4685 Κριός
383 4631 389 4665 :
403 4608 432 4664 τὸ
445 4608 495 4687 γδρ
510 4637 521 4658 «
537 4608 646 4687 ἀσελγὲς
658 4637 670 4662 υ
682 4614 712 4669 οὐ
726 4611 803 4686 μόνον
815 4611 858 4669 ἐπὶ
873 4616 919 4669 τοῦ
934 4614 998 4671 α’κο-

213 4697 310 4753 λέστου
320 4695 425 4754 ἔταττον
435 4699 459 4753 ol
469 4698 587 4769 παλαιοὶ,
598 4698 657 4757 ἀλλ’
667 4700 736 4757 ἔστιν
745 4697 839 4758 δ’τεκαλ
847 4700 889 4757 ἐπὶ
897 4704 944 4759 τοῦ
955 4725 999 4777 με·

213 4782 308 4857 γέλου·
321 4783 365 4840 καὶ
378 4782 429 4862 γδιρ
444 4784 560 4860 ἄνεμον
572 4789 698 4864 ἀσελγῆ
713 4787 841 4864 λέγουσιν,
854 4790 890 4854 ὡς
904 4792 939 4850 ll.
953 4794 998 4848 Sic

212 4874 296 4926 ctiam
318 4871 402 4928 Prov.
423 4874 531 4948 Botllej.
553 4875 627 4952 555,
645 4877 694 4934 sed
717 4878 866 4951 Eupolidis
882 4882 998 4937 nomine

213 4962 327 5019 ontisso.
342 4985 354 5011 ν
370 4964 394 5016 Ε
408 4964 449 5022 Μ.

581 5081 626 5135 26.

250 5188 374 5248 Graium.
387 5192 515 5246 Crameri
527 5193 636 5251 Anecd.
651 5195 704 5253 Οιι.
721 5216 752 5265 ι,
768 5216 798 5271 p.
813 5196 869 5268 372
883 5217 890 5257 ε
905 5196 996 5256 δκατὰ

210 5273 297 5352 ψυχὴν
309 5273 441 5354 (πονηρὸς)
453 5275 585 5349 ὀξυτόνως,
600 5278 652 5337 ὁδὲ
665 5280 733 5338 κατὰ
745 5286 824 5359 σῶμα
832 5285 997 5364 προπαροξυ-

209 5361 302 5427 τόνοις·
317 5362 363 5420 καὶ
376 5367 439 5442 παρ’
454 5366 517 5425 Ε-δι
531 5365 560 5423 τὸ
575 5367 685 5437 θηλυκὸν
699 5369 823 5451 πονήρα
832 5416 842 5448 ,
890 5449 898 5460 .

221 5481 438 5494 ——n—

579 5571 622 5619 22.

249 5676 279 5684 -
296 5652 421 5708 Occurrit
433 5669 540 5724 egresso
552 5656 617 5710 mihi

214 5732 296 5789 Ιιοιιιο
308 5734 443 5805 nefarius.
458 5739 598 5807 perfidiam
610 5754 746 5814 spectans.

579 5849 623 5898 23.

213 5922 330 5978 Delicias
346 5920 447 5981 sacieris
460 5933 486 5982 et
500 5926 650 5987 luxurians.

583 6042 626 6091 24.

210 6134 301 6203 Turpe
313 6133 439 6190 euim-est
451 6139 630 6195 temeritatem
644 6139 751 6196 debere.

587 6250 630 6298 25.

213 6345 353 6415 Tanquam
368 6352 525 6415 tempestate
537 6345 628 6402 subito
641 6348 793 6407 vehementi
806 6356 907 6405 exorta:

723 1532 932 1592 COMOEDlAE
955 1533 1121 1595 vssTuttts
1142 1535 1348 1609 RELlQUlAE.

1099 1686 1159 1751 Καὶ
1178 1690 1218 1777 μῆ
1237 1688 1388 1777 πονηροὺς,
1406 1681 1430 1748 ὦ
1447 1689 1576 1777 πονῆρα,
1593 1684 1736 1779 προξένει.

1053 1812 1082 1871 τὸ
1097 1812 1143 1889 μὲν
1158 1814 1283 1893 πρότερον
1294 1812 1437 1883 ὀξύνοντες,
1451 1810 1519 1869 τὸδὲ
1532 1811 1576 1869 ἐπὶ
1586 1816 1633 1884 τῆς
1645 1835 1708 1891 προ
1714 1838 1830 1890 μνηστ-

1051 1900 1119 1979 ρίας
1129 1902 1158 1959 τὸ
1169 1901 1286 1980 δεύτερον
1301 1899 1462 1979 βαρύνοντες.
1473 1902 1525 1957 τῶν
1534 1900 1581 1975 μέν
1591 1898 1644 1978 γδρ
1655 1901 1715 1969 τοὺς
1725 1903 1833 1981 τρόπους

1050 1989 1215 2065 δριζόμενοςδ
1226 1990 1316 2064 δῆμος,
1326 1992 1372 2059 τῆς
1382 1987 1409 2045 δὲ
1423 1990 1568 2059 αἰτιατικῆς
1580 1990 1709 2064 (αἰτιᾶται
1719 1994 1832 2066 conjicit

1050 2079 1156 2153 Mein.)
1172 2080 1206 2143 ὡς
1225 2077 1252 2133 έν
1271 2075 1387 2156 λοιδορίᾳ
1407 2074 1455 2146 τῆν
1469 2074 1562 2154 τύχην.
1584 2103 1597 2128 α
1618 2081 1711 2135 Docte
1731 2080 1832 2137 dehoc

1050 2166 1211 2223 discrimine
1224 2169 1355 2242 exposuit
1365 2176 1443 2222 vetus
1454 2168 1595 2240 interpres
1601 2168 1760 2223 Aristotelis
1767 2171 1831 2228 Eth.

1049 2257 1162 2313 Nicom.
1179 2254 1208 2324 3,
1230 2254 1257 2314 5.
1274 2255 1314 2315 Cl.
1334 2256 1479 2330 Goettling.
1493 2258 1536 2312 De
1551 2266 1660 2314 aceent.
1679 2275 1711 2330 p.
1735 2256 1801 2323 304.
1818 2285 1828 2308 ι

1049 2345 1074 2397 Ε
1085 2344 1129 2399 M.

1416 2458 1461 2507 ογ.

1090 2549 1269 2605 Herodianus
1283 2550 1406 2606 Crameri
1420 2549 1528 2607 Anecd.
1541 2551 1635 2607 Oxou.
1655 2549 1689 2619 3,
1710 2569 1741 2625 p.
1763 2552 1830 2621 253,

1051 2639 1146 2694 Herm.
1162 2657 1191 2711 p.
1209 2636 1265 2710 309
1287 2637 1412 2714 ιὴρῷον
1429 2634 1533 2712 λέγεται
1551 2639 1569 2705 ἠ
1585 2638 1630 2692 τοῦ
1654 2634 1739 2715 ἥρωος
1757 2637 1831 2696 εἰκὼν

1049 2721 1107 2791 ῆτδ
1121 2721 1241 2798 τέμενος,
1252 2724 1286 2789 ὡς
1299 2725 1331 2781 Ε.

1098 2836 1199 2934 lippos
1215 2841 1243 2907 εἴ
1255 2846 1319 2919 πώς
1334 2867 1386 2933 μοι
1401 2841 1544 2932 κομίσαιο
1559 2851 1612 2907 τοῦ
1628 2844 1738 2910 Λύκου.

1049 2967 1184 3024 Similiter
1199 2970 1343 3044 Aristoph.
1355 2969 1440 3042 Vesp.
1457 2967 1514 3041 819
1525 2968 1639 3044 (θήρῷον
1652 2965 1676 3023 εἴ
1686 2990 1743 3033 ποις
1755 2970 1829 3026 εἰυιο-

1049 3054 1139 3128 μίσαιο
1153 3060 1197 3113 τοῦ
1211 3054 1312 3131 Λύκου,
1325 3056 1481 3112 secuudum
1496 3057 1617 3132 Mem),
1632 3056 1712 3129 cujus
1728 3078 1830 3113 nomeu

1050 3143 1167 3199 sortasse
1179 3144 1225 3199 hic
1237 3143 1437 3219 reponendum
1451 3154 1500 3201 cst.

1417 3240 1465 3295 28.

1087 3355 1213 3411 Gramm.
1226 3354 1347 3409 Beklieri
1358 3359 1411 3409 lin.
1424 3373 1453 3427 p.
1467 3352 1533 3423 463,
1550 3352 1603 3407 18:
1623 3351 1829 3422 Αὖλίζεται,

1047 3437 1077 3497 τὸ
1095 3441 1121 3497 ἐν
1141 3441 1208 3516 αὐλῇ
1223 3439 1360 3519 διατρέῧει,
1385 3439 1430 3496 καὶ
1444 3438 1513 3504 ἰδίως
1531 3437 1562 3495 τὸ
1575 3446 1701 3515 κοιμᾶται
1721 3438 1831 3504 Εὔπολίς

1048 3549 1125 3605 φησιν
1136 3551 1142 3563 ·

1096 3623 1165 3719 Εγὼ
1186 3623 1214 3695 δ’
1230 3622 1371 3705 ἄδειπνος
1386 3630 1508 3720 ἑσπέρας
1520 3622 1698 3719 κὺλιζόμην.

1048 3760 1091 3811 lta
1104 3759 1209 3825 lllcin.;
1222 3757 1313 3843 codes
1325 3754 1480 3831 αὐλιζόμην.

1414 3889 1462 3944 ιι9.

1089 3984 1268 4041 llerodiaims
1279 4004 1324 4059 ap.
1340 3985 1465 4041 Crmncr.
1483 3983 1592 4039 unecd.
1603 3985 1657 4040 Ox.
1672 3984 1702 4053 3,
1718 4000 1747 4056 p.
1761 3982 1828 4054 253,

1048 4074 1145 4133 llerm.
1169 4092 1199 4147 p.
1229 4073 1285 4145 309
1310 4094 1314 4125 :
1342 4069 1410 4128 οὕτω
1432 4069 1541 4149 (φακοὶ)
1567 4071 1687 4127 καλεῖται
1707 4067 1781 4144 ὠμὸν
1803 4067 1831 4123 τὸ

1047 4157 1167 4237 ὄσπριον,
1181 4163 1216 4224 ὡς
1233 4162 1266 4218 E.

1093 4276 1138 4347 Τῆ
1159 4301 1207 4339 νυν
1224 4269 1428 4367 καταδέχεσδε
1442 4277 1509 4351 τοὺς
1524 4276 1643 4365 φακούς.

1045 4403 1114 4458 (jud.
1132 4405 1177 4457 νῦν
1191 4402 1397 4481 καταδέχεσθαι,
1416 4409 1570 4463 llcrmaun.
1595 4402 1759 4462 κατέδεσῦαι.
1775 4405 1831 4459 Ιιιι-

1045 4493 1202 4564 peraticum
1220 4496 1315 4567 posuit
1330 4493 1411 4550 llleiu.

1414 4593 1461 4647 3ο.

1088 4703 1266 4757 llerodianus
1286 4705 1411 4758 l'icrsoui
1431 4722 1460 4775 p.
1484 4704 1541 4767 448
1563 4721 1570 4759 :
1599 4700 1755 4775 Κατέαγα
1775 4702 1831 4766 τῆς

1043 4783 1212 4867 κεφαλῆς,
1235 4792 1264 4847 οὐ
1286 4790 1339 4865 μὴν
1353 4799 1441 4847 πᾶσαν
1467 4790 1515 4860 τῆν
1529 4788 1659 4872 κεφαλὴν,
1673 4789 1743 4846 ἀλλὰ
1756 4786 1833 4864 μέρος

1045 4901 1070 4935 τι
1085 4879 1175 4949 αὐτῆς.
1194 4878 1323 4944 Εὔπολις·

1095 4985 1140 5044 Οὐ
1154 4977 1210 5072 γὰρ
1222 4974 1345 5056 κατάξει
1357 4992 1411 5057 τῆς
1427 4986 1559 5070 κεφαλῆς
1568 4977 1609 5043 τὰ
1619 4982 1655 5069 ρῆ
1657 5005 1750 5070 ματα.

1046 5113 1133 5166 Recte
1146 5111 1229 5167 Picis.
1243 5107 1356 5175 Εὔπολις
1366 5130 1421 5183 μισ
1440 5106 1562 5182 Ἄσυλα,
1574 5109 1624 5165 sed
1636 5107 1765 5187 ῥάμματα
1779 5132 1830 5186 γιο-

1045 5210 1157 5254 nentem
1177 5200 1215 5253 sic
1238 5199 1339 5254 refellit
1355 5201 1441 5256 llleiu.
1457 5216 1465 5256 ε
1484 5222 1496 5247 «ι
1513 5198 1549 5253 Id
1566 5200 1589 5252 si
1608 5200 1762 5272 scripsisset
1784 5203 1828 5267 ll„

1045 5306 1145 5360 parum
1158 5299 1221 5361 apte
1231 5305 1313 5340 versu
1325 5287 1375 5341 illo
1387 5305 1454 5341 usus
1466 5296 1538 5341 esset
1549 5285 1706 5343 Herodian.
1723 5288 1827 5360 Scripsi

1045 5377 1132 5450 igitur
1149 5371 1253 5439 κατάξει
1271 5374 1431 5449 (legebatur
1443 5370 1577 5450 κατάξεις]
1586 5417 1594 5444 ,
1603 5376 1735 5431 utveluit
1748 5376 1831 5432 ctiam

1420 5575 1463 5624 26.

1046 5660 1101 5713 Nec
1113 5657 1199 5712 inuios
1208 5698 1215 5720 ‚
1225 5655 1304 5722 uiola,
1319 5656 1433 5728 hospitio
1445 5659 1545 5730 excipe.

1417 5768 1461 5817 27.

1050 5847 1145 5920 ἸΙρῷον
1157 5852 1179 5905 si
1196 5853 1256 5923 quis
1268 5849 1336 5907 forte
1350 5849 1418 5906 miiu
1432 5848 1527 5905 alferat
1540 5848 1616 5919 Lyci.

1414 5961 1457 6009 28.

1048 6042 1105 6109 ligo
1119 6047 1208 6094 autem
1222 6039 1375 6095 incenatus
1386 6039 1490 6109 vesperi
1504 6041 1533 6093 in
1548 6037 1611 6094 aula
1623 6036 1768 6093 cubabam.

1021 6185 1023 6190 ·
1416 6147 1460 6197 29.

1021 6207 1024 6314 l
1083 6258 1116 6267 -
1137 6226 1257 6298 Accipite
1275 6228 1459 6297 igiturleutcs.
