4084 8009
211 1512 270 1562 5³6

210 1619 274 1704 ρησί
286 1643 344 1678 τινα
359 1622 390 1679 tx
402 1622 449 1690 τῆς
463 1617 563 1686 Ἰωνίας
576 1617 674 1699 σφόδρα
692 1617 816 1677 πλαίσιον
832 1617 996 1694 Ιπιδημῆσαι

724 1498 860 1559 MEDlAE
880 1493 1089 1558 GOMOEDlAE
1109 1492 1316 1567 ncttQtJtAE.

1047 1612 1107 1672 οὔτι
1124 1618 1241 1672 Porsen.
1255 1614 1336 1672 Libri
1346 1614 1393 1684 οὔ,
1409 1613 1585 1671 claudicante
1598 1631 1696 1674 νετειι.
1714 1616 1764 1671 De
1782 1608 1846 1671 οὗτε

209 1715 266 1775 ταῖς
280 1705 397 1777 Ἀθήναις
405 1749 442 1778 ,...
457 1706 651 1783 πυνθανομένου
667 1705 695 1764 δέ
716 1728 782 1773 τινος
797 1707 894 1778 αὐτοῦ,
910 1704 995 1761 ποδα-
1041 1713 1107 1777 post
1120 1702 1150 1760 οὐ
1164 1703 1244 1758 illato
1258 1720 1286 1760 v.
1310 1700 1442 1760 schefer.
1458 1700 1496 1757 ad
1517 1703 1593 1758 Bosii
1610 1702 1662 1761 [ΠΙ.
1679 1721 1714 1779 p.
1734 1701 1811 1759 228.
1828 1725 1841 1752 ι

210 1792 260 1861 πός
271 1797 352 1866 ἐστιν,
364 1796 569 1874 ἀποκρίνασθαι,
582 1791 621 1852 ότι
631 1792 764 1858 πλούσιος.
779 1791 882 1869 μήποτε
893 1794 939 1849 τοῦ
949 1791 996 1848 αὖ·

211 1888 258 1941 τοῦ
272 1882 429 1960 μνημονεύει
443 1882 487 1943 καλ
496 1881 556 1942 'hh
571 1883 597 1940 ἐν
610 1880 759 1955 Θηόαίοις,
774 1881 858 1959 λέγων
867 1872 935 1950 ὧδε,

215 2060 218 2064 .
260 2025 291 2065 α.
324 1989 415 2066 ἔστιν
439 1991 472 2065 δὲ
498 1991 634 2075 ποδαπὸς
657 1999 694 2064 τὸ
719 2000 802 2090 γένος
827 1997 932 2084 οὗτος,
962 1999 993 2080 β.

836 2105 998 2179 Πλοόσιος·

261 2212 385 2288 τούτους
396 2207 453 2302 γὰρ
468 2210 605 2287 ἅπαντάς
617 2235 705 2302 φασιν
723 2209 950 2302 εὐγενεστάτους

263 2310 338 2382 εἶναι
349 2366 358 2402 ,
370 2318 510 2392 -πένητας
535 2307 564 2380 δ’
586 2306 766 2408 εὐπατρίδας
782 2306 877 2393 οὐδεὶς
892 2319 957 2405 ὁρᾷ.
1009 2399 1011 2404 Ι

214 2450 299 2502 Versu
313 2464 330 2500 a
343 2446 411 2500 libri
428 2441 454 2500 δὲ
468 2447 609 2519 particula
623 2445 794 2519 ineleganter
807 2444 898 2513 illata,
914 2462 999 2518 quam

215 2545 243 2592 et
256 2534 387 2608 superior
397 2535 534 2589 sententia
546 2534 644 2603 habet,
658 2544 686 2588 ct
702 2550 835 2607 sequens,
849 2528 954 2593 τούτους
972 2527 1000 2587 δέ

215 2618 328 2690 πάντας,
343 2632 398 2677 etc.
411 2622 491 2695 Saepe
501 2617 552 2698 γὰρ
564 2633 593 2676 et
604 2618 631 2677 δὲ
644 2620 768 2678 confusa.
781 2620 928 2676 Consimili
939 2620 1000 2675 lusu

216 2710 347 2778 Plautus,
358 2727 375 2763 a
388 2708 651 2778 hleinekioallatus,
664 2707 775 2782 Captis.
790 2727 814 2775 a,
832 2727 860 2777 a,
872 2726 908 2779 ²7
921 2727 927 2761 :

256 2823 321 2893 Quo
334 2821 369 2878 de
384 2840 486 2897 genere
500 2824 603 2878 natu’st
619 2824 676 2878 illic
692 2820 888 2878 Philocrates?
902 2823 933 2878 h.
946 2824 1001 2877 Po·

858 2909 980 2983 lyplusio
993 2927 999 2962 :

1042 1792 1121 1849 EM.
1160 1843 1162 1846 ,

1328 1910 1405 1970 ult.
1426 1910 1540 1970 ΙΑΣΙΣ.

1084 2042 1203 2100 Απῑὶαῑῑ.
1217 2059 1248 2115 p.
1266 2040 1316 2110 83,
1332 2039 1378 2112 15,
1389 2036 1621 2118 ’λμρίταίπητα
1632 2059 1640 2094 2
1653 2035 1716 2098 Ἀλ.
1731 2035 1844 2098 'itote

1044 2155 1057 2180 α
1072 2131 1128 2186 Aut
1143 2125 1238 2187 Ἰασίδι
1250 2127 1433 2186 scribendum
1450 2139 1500 2183 aut
1512 2124 1619 2186 Ἰάσονι.
1640 2150 1653 2177 ν
1673 2128 1776 2184 Mein.
1798 2129 1846 2184 Dc

1045 2218 1137 2275 laside
1150 2219 1277 2294 nympha
1294 2238 1322 2278 v.
1337 2219 1457 2275 Pansan.
1469 2216 1557 2275 Elian.
1571 2226 1678 2293 poster.
1699 2235 1754 2289 aa,
1769 2236 1800 2289 7.

1300 2388 1378 2449 LIV.
1400 2383 1569 2448 ἯΙΙΙΕΥΣ.

1435 2536 1458 2573 Ι.

1085 2640 1188 2696 Athen.
1212 2638 1256 2708 13,
1269 2658 1300 2713 p.
1317 2639 1396 2709 610,
1414 2637 1438 2696 E
1455 2658 1462 2693 :
1478 2633 1521 2701 οὓς
1538 2630 1727 2715 (ριλοσόρους)
1741 2634 1774 2694 οὗ
1788 2634 1843 2712 μό-

1046 2748 1089 2784 νον
1103 2725 1257 2804 Λυσίμαχος
1268 2728 1282 2782 ό
1295 2722 1415 2803 βασιλεὺς
1423 2721 1557 2803 ἐξεκήρυξε
1566 2725 1611 2793 τῆς
1620 2721 1687 2789 Ιδίας
1699 2721 1845 2801 βασιλείας

1047 2813 1209 2886 ἀπελαύνων,
1234 2813 1301 2872 ἀλλὰ
1321 2813 1366 2871 καλ
1380 2811 1519 2884 Ἀθηναῖοι.
1534 2807 1594 2871 Ἀλ.
1614 2814 1677 2887 γοῦν
1695 2811 1726 2868 όν
1747 2809 1842 2890 Ἵππῳ

1047 2902 1116 2982 (leg.
1130 2896 1232 2979 Ἱππεῖ)
1246 2899 1310 2980 φησὶ

256 2997 342 3069 Quod
355 3015 443 3073 genus
453 2998 511 3053 illic
524 3007 565 3053 est
577 3017 666 3054 unum
679 2997 790 3072 pollens
803 3008 889 3070 atque
906 2997 1000 3051 hono-

824 3085 1001 3143 ratissimum.

1094 3043 1185 3114 Τοῦτ’
1198 3048 1279 3113 ἔστιν
1294 3038 1492 3137 hulsperc,
1510 3053 1600 3112 τοῦτο
1616 3046 1816 3139 Ξενοκράτης.

1095 3148 1191 3221 Πόλλ’
1209 3149 1307 3244 ἀγαθὰ
1316 3144 1396 3218 δοῖεν
1411 3153 1441 3218 οἱ
1456 3149 1518 3217 θεοὶ
1532 3150 1694 3244 Δημητρίῳ

1097 3259 1149 3324 καὶ
1165 3265 1230 3333 τοῖς
1246 3258 1438 3348 νομοθέταις,
1455 3247 1539 3321 διότι
1549 3257 1618 3332 τοὺς
1631 3253 1687 3331 τὰς
1702 3264 1768 3323 τῶν
1790 3256 1840 3322 λό-

218 3198 251 3253 V.
276 3195 292 3252 3
314 3183 380 3251 εἶναι
405 3194 517 3250 addidit
538 3194 717 3265 Dindorfius,
741 3196 790 3268 qui
816 3196 899 3251 etiam
920 3192 1002 3259 οὐδεὶς
1033 3183 1036 3190 ¹

218 3284 329 3360 scripsit
341 3302 396 3360 pro
413 3281 470 3340 οὐδὲ
486 3271 521 3349 εἶς
536 3294 565 3341 et
576 3281 742 3361 εὐπάτριδας.

445 3423 493 3483 Ll.
516 3425 777 3486 ΘΙΙΤΕΥΟΝΤΙΙΣ.

260 3555 387 3612 Stobaeus
405 3555 505 3613 Floril.
523 3574 570 3625 ορ,
592 3555 624 3625 3,
647 3574 712 3610 cum
730 3557 860 3611 lemmate
880 3552 1004 3620 Ἀλέξιδος

221 3643 251 3700 lx
264 3641 445 3713 Θητευόντων.

270 3750 365 3851 ὅρκος
383 3752 500 3842 βέόαιός
516 3761 612 3842 ἐστιν,
631 3753 665 3822 διν
680 3760 772 3823 νεύσω
790 3758 889 3847 μόνον.

479 3901 549 3959 til.
566 3887 741 3960 Opimii.

261 4031 365 4089 Athen.
383 4037 410 4101 4,
424 4050 454 4105 p.
471 4029 541 4102 133,
557 4032 599 4088 B:
614 4025 671 4088 Ἄλ.
684 4031 710 4087 ἐν
725 4025 850 4108 Θράσωνί
864 4052 926 4109 ρησι

269 4185 319 4198 --
332 4147 392 4246 Σοῦ
408 4139 437 4213 δ’
454 4150 514 4239 ἐγὼ
527 4149 708 4239 λαλιστέραν

270 4254 422 4320 οὐπώποτ’
443 4246 521 4319 εἶδον
537 4255 602 4319 οὔτι
616 4256 785 4346 κερκώπην,
802 4255 907 4345 pisci,

271 4362 303 4423 οὐ
320 4357 440 4440 κίτταν,
455 4363 508 4424 οὐκ
522 4350 636 4443 ἀηδόν’,
652 4361 720 4424 οὔτε
735 4359 865 4451 τρυγόν’,
881 4365 913 4426 oti

270 4466 407 4557 τέττιγα.

1783 3388 1824 3427 ων

1096 3464 1160 3546 ’ὥς
1176 3493 1266 3560 ροισι,
1281 3462 1423 3558 δυνάμεις
1435 3457 1661 3559 παραδιδόντας
1675 3473 1741 3544 τοῖς
1760 3388 1839 3545 lior}

1050 3567 1071 3640 5
1099 3576 1126 3650 ἐς
1142 3573 1269 3665 κόρακας
1284 3573 1376 3664 ἔρρειν
1392 3570 1483 3662 ρασὶν
1500 3573 1533 3636 ἐκ
1548 3563 1603 3648 τῆς
1621 3563 1774 3648 ᾸττικῆςΙ

1050 3723 1136 3775 Versu
1155 3739 1166 3775 1
1188 3718 1293 3788 Τοῦτο,
1306 3720 1379 3785 Hoc,
1398 3718 1419 3775 i.
1436 3726 1588 3774 erectam
1606 3715 1756 3792 despecta,
1778 3716 1839 3774 dia·

1050 3808 1166 3877 lectica,
1185 3803 1347 3884 λογομαχία.
1366 3830 1378 3855 e
1402 3802 1483 3864 Τοῦτ’
1501 3803 1571 3862 luto
1596 3804 1701 3876 ’λειαδ.,
1714 3806 1753 3863 ad
1769 3823 1839 3863 ean·

1053 3895 1118 3951 clem
1132 3897 1272 3952 rationem
1287 3895 1415 3970 Ossdipus
1431 3893 1509 3967 apud
1524 3892 1696 3969 Sophoclem
1712 3894 1790 3953 oud.
1807 3897 1839 3954 Τ.

1055 3983 1129 4040 1326
1145 3986 1281 4040 exclamat
1296 3980 1429 4041 Ἀπόλλων
1443 3978 1500 4037 τάδ’
1514 3971 1561 4054 ἧν,
1577 3994 1605 4039 et
1617 3983 1728 4040 Chorus
1742 3983 1773 4038 in
1783 3982 1841 4039 fine

1051 4072 1266 4127 Trachiniarum
1290 4067 1392 4129 Κούδὲν
1414 4065 1521 4138 τούτων,
1544 4065 1560 4124 ό
1584 4089 1610 4125 τι
1633 4066 1670 4143 μὴ
1693 4065 1771 4133 Ζιίνς.
1795 4070 1839 4129 Cf.

1052 4162 1150 4217 hlatth.
1164 4160 1200 4216 ad
1216 4161 1314 4234 Eurip.
1325 4157 1432 4217 Troad.
1445 4176 1496 4232 99.
1507 4159 1578 4214 Sunt
1586 4158 1645 4214 baec
1654 4160 1728 4214 senis
1738 4159 1838 4228 rerba,

1051 4249 1229 4323 philosophis
1241 4244 1432 4321 (Academiae)
1448 4246 1527 4316 irati,
1539 4245 1618 4319 quod
1635 4244 1725 4302 filiurn
1734 4265 1840 4304 corrn-

1052 4337 1155 4409 perint.
1181 4335 1215 4392 V.
1243 4353 1271 4393 a.
1294 4335 1452 4390 Demetrius
1478 4334 1628 4389 Phalereus
1648 4335 1841 4409 principatum

1054 4425 1169 4479 Athenis
1184 4424 1274 4477 tenuit
1289 4423 1325 4477 ab
1343 4423 1452 4495 olymp.
1473 4421 1537 4491 115,
1556 4421 1572 4477 3
1588 4422 1637 4495 (ab
1652 4422 1732 4477 Urbe
1747 4422 1838 4480 cond.

1055 4511 1111 4578 436
1123 4508 1309 4585 ],pulsusque
1321 4521 1362 4564 est
1371 4528 1388 4563 a
1397 4510 1541 4564 Demetrio
1551 4506 1716 4565 Poliorceta
1730 4509 1840 4583 olymp.

224 4590 312 4647 Versu
328 4609 345 4647 a
361 4590 426 4646 libri
445 4592 521 4667 οὔτε,
535 4591 659 4665 mendo,
680 4591 717 4647 de
735 4611 793 4666 quo
812 4592 848 4648 ad
871 4591 951 4650 lliad.
971 4600 1006 4663 4,
1058 4599 1124 4671 ηδ,
1142 4598 1462 4666 13Xenoeratesautem
1475 4597 1663 4670 obiitolymp.
1679 4597 1744 4665 116,
1755 4616 1772 4652 a
1784 4617 1790 4651 :
1804 4615 1838 4652 ex

225 4677 405 4753 286,0‹1yss.
418 4680 446 4749 3,
462 4679 530 4754 349.
543 4682 641 4756 Eurip.
651 4682 782 4741 Erechth.
802 4682 1009 4757 18.cllespieit
1055 4705 1112 4758 quo
1135 4697 1265 4760 apertum
1284 4695 1342 4753 est,
1369 4686 1545 4739 Demetrium
1572 4685 1667 4753 illum,
1691 4702 1778 4756 quem
1793 4686 1838 4739 ΑΙ.

223 4768 281 4824 haec
295 4771 372 4828 Eust.
388 4769 424 4824 nd
440 4771 526 4827 Hom.
541 4789 572 4845 p.
592 4769 678 4840 1282,
696 4778 729 4838 41
751 4791 758 4825 ι
774 4766 870 4844 ὁμοίως
886 4767 973 4826 δὲκαὶ
991 4772 1008 4838 ἠ
1028 4791 1031 4858 ρ
1056 4783 1273 4840 commemorat,
1298 4790 1356 4828 esse
1380 4772 1560 4839 l'halereum,
1575 4781 1604 4825 et
1624 4771 1774 4845 Sophoclis
1787 4774 1842 4827 Sn-

224 4851 348 4933 ιιεριιώπη
362 4856 425 4932 ζῷον
438 4852 505 4923 αὐτ-λ
517 4853 605 4929 ὅμοιον
618 4855 713 4932 τέττιγι
728 4855 773 4913 καλ
786 4855 906 4935 τριγονίῳ
920 4857 1009 4932 (τιγο-
1029 4895 1031 4943 ρ
1054 4861 1156 4914 niensis
1165 4861 1256 4934 legem
1266 4861 1301 4914 dc
1315 4859 1480 4914 coercendis
1490 4858 1726 4932 philosophorum
1738 4859 1843 4914 scholis

224 4939 381 5018 ritphlein.)
392 4985 400 5017 ,
410 4941 469 5019 cepi
480 4932 515 4998 ὧν
529 4942 604 5012 δηλοῖ
611 4941 670 5003 'hh
683 4943 763 5003 εἰπὼν
774 4947 827 5004 Σοῦ
838 4943 860 5001 δ’
870 4956 925 5001 etc.
939 4948 1010 5001 ltem
1028 4951 1031 4974 ¹
1057 4946 1098 5021 (v.
1117 4949 1233 5005 hleursii
1252 4949 1332 5005 Fort.
1347 4951 1406 5004 Att.
1422 4967 1452 5021 p.
1474 4965 1520 5021 19,
1540 4948 1630 5002 lonsii
1648 4948 1765 5022 Seriptt.
1777 4949 1842 5021 phi-

225 5031 362 5085 Libanius
381 5031 439 5089 vol.
456 5039 484 5099 4,
497 5049 528 5105 p.
550 5032 604 5096 143
621 5050 628 5088 ε
643 5030 763 5108 τρυγόνος
776 5030 932 5109 λαλιστέρα,
951 5032 1008 5088 κίτ-
1056 5037 1105 5091 los.
1124 5056 1150 5109 1,
1167 5057 1214 5109 17,
1231 5047 1262 5111 4,
1273 5038 1396 5092 Clintoni
1407 5038 1482 5090 Fast.
1496 5036 1607 5090 Hellen.
1620 5053 1649 5108 p.
1671 5034 1740 5107 181)
1754 5035 1842 5089 latam

223 5139 284 5191 της,
311 5115 432 5188 ἀηδόνος,
456 5115 607 5195 κερκιόπης·
628 5132 657 5175 et
682 5121 798 5176 Photius
815 5142 846 5196 p.
864 5120 934 5189 608,
962 5141 1008 5196 10,
1057 5122 1842 5198 essecircafinemolympiadis115,velineunteolymp.

224 5204 335 5284 Τρυγών
354 5226 361 5262 :
378 5204 407 5262 τὸ
425 5207 499 5282 ζῷον.
517 5204 638 5272 παίζεται
650 5204 677 5262 δὲ
693 5208 728 5271 είς
747 5206 794 5274 τὴν
809 5210 861 5264 τῶν
879 5212 1008 5284 γυναικῶν
1060 5209 1113 5263 116
1127 5208 1213 5284 (Urb.
1228 5211 1312 5268 cond.
1325 5210 1397 5278 438,
1417 5224 1479 5267 ante
1490 5212 1558 5267 Chr.
1569 5220 1628 5267 nat.
1644 5208 1718 5283 3164
1731 5210 1843 5264 :eidem

225 5292 373 5355 συνουσίαν,
393 5292 466 5373 (Ubi
480 5298 608 5369 suspicor
622 5297 774 5370 legendum
786 5316 843 5353 esse
857 5296 1007 5355 αἰαυνεσίαν.
1056 5299 1142 5371 igitur
1170 5301 1291 5372 tempori
1320 5302 1405 5355 etiam
1430 5301 1502 5354 hanc
1531 5298 1654 5353 fabulam
1680 5298 1844 5372 adsignabi-

228 5382 329 5459 Both.)
350 5387 393 5440 De
413 5385 567 5458 proverbio
585 5384 706 5460 τρυγόνος
723 5383 863 5462 λαλιστέρα
889 5386 925 5440 ad
946 5389 1011 5442 hle·
1057 5405 1128 5442 mus.
1148 5410 1159 5434 ν
1177 5388 1201 5439 E
1217 5389 1260 5442 M.
1279 5390 1380 5442 Versus
1401 5387 1417 5441 5
1437 5388 1574 5442 Dobraeus
1592 5386 1709 5449 maliti<
1728 5383 1845 5461 κόρακας

226 5470 328 5528 nandr.
342 5491 372 5545 p.
391 5471 455 5537 148.
471 5472 629 5547 (Cs.Sopl1.
653 5474 739 5545 Ajace
751 5473 818 5528 280.
832 5474 932 5549 Both.)
946 5477 977 5531 V.
993 5474 1009 5529 3
1057 5470 1200 5551 ἒρρίρασιν.

533 5641 702 5696 ΤΗΕΒΑΝΙ.

227 5738 252 5776 a.
268 5722 351 5794 cujas
362 5733 454 5782 autem
469 5739 569 5796 genere
582 5725 627 5783 hic
641 5729 703 5783 est?
720 5726 747 5781 b.
763 5728 860 5783 Dives.

227 5806 278 5863 hos
290 5809 361 5864 enim
377 5826 473 5867 omues
484 5813 707 5883 generosissimus
716 5829 774 5869 esse
1387 5817 1512 5886 EQUES.

227 5890 340 5960 dicunt3
356 5911 485 5969 pauperes
496 5913 560 5953 vero
574 5914 673 5969 genere
688 5899 775 5957 claros
785 5916 867 5957 nemo
877 5900 956 5957 videt.
1440 5908 1463 5955 ¹·

490 5985 746 6044 FAhlULANTES.
1095 5989 1154 6042 lloo
1166 5997 1206 6042 est
1217 5988 1373 6053 Academia,
1387 5988 1440 6044 hoc
1450 5992 1629 6045 Xenocrates.

229 6068 244 6119 J
248 6066 426 6138 usjurandum
439 6061 551 6129 llrmum
563 6082 616 6141 est,
627 6075 651 6129 si
664 6074 746 6132 modo
760 6091 891 6132 annuero.
1095 6076 1180 6131 Multa
1197 6076 1267 6132 hona
1282 6077 1346 6131 deut
1355 6076 1393 6131 dii
1405 6076 1542 6131 Demetrio

543 6162 698 6217 THRASO.
1094 6172 1121 6218 et
1136 6163 1343 6230 legislatoribus,
1359 6162 1431 6234 quod
1446 6180 1502 6230 eos,
1518 6163 1564 6234 qui
1574 6175 1742 6227 sermonum,

1094 6258 1125 6307 ut
1139 6252 1278 6322 garriunt,
1295 6259 1439 6322 potestates
1449 6250 1685 6322 docentjuveues,

1059 6346 1075 6394 5
1095 6340 1122 6395 in
1136 6340 1235 6396 malam
1248 6355 1357 6397 erucem
1370 6341 1444 6399 abire
1457 6341 1556 6412 jubent
1566 6355 1597 6395 ex
1612 6338 1717 6394 Attica!

1058 5657 1113 5695 non
1125 5641 1223 5712 picam,
1242 5657 1298 5697 nou
1312 5641 1472 5710 lusciniam,
1485 5658 1574 5716 neque
1590 5649 1736 5708 turturem,

1057 5743 1113 5782 nou
1127 5725 1259 5782 cicadam.

264 6268 300 6279 -
313 6240 351 6296 Te
360 6250 451 6297 nutem
467 6259 517 6314 ego
530 6244 712 6317 loquaciorem

229 6340 371 6396 nunquam
381 6326 435 6383 vidi
448 6343 600 6402 ceroopam,
614 6333 721 6400 mulier,
