4084 8009
762 2051 1251 2179 PRAEFATIO.

881 2378 1137 2403 ——aeoo—

395 2657 514 2736 Quum
531 2665 613 2720 ante
630 2650 696 2720 bos
722 2651 844 2745 viginti
865 2674 981 2721 annos
1000 2655 1206 2721 Graecorum
1229 2652 1362 2745 ingenii
1384 2667 1618 2722 monumenta
1634 2655 1670 2720 in

350 2799 455 2845 unam
475 2775 717 2843 Bibliotlrecam
736 2773 901 2869 colligere
925 2775 1086 2859 institui,
1103 2789 1204 2843 tanto
1224 2776 1370 2873 incepto
1392 2776 1542 2845 minime
1567 2777 1671 2845 satis·

348 2903 478 2970 lactum
496 2901 537 2969 iri
555 2898 731 2984 intellexi,
749 2895 777 2967 si
791 2922 853 2968 eos
872 2898 1123 2984 solummodo,
1138 2922 1293 2995 quorum
1310 2900 1439 2994 integri
1453 2899 1536 2970 libri
1551 2925 1672 2997 supera

346 3039 447 3108 sunt,
471 3022 663 3118 scriptores
684 3036 790 3116 atque
808 3036 931 3117 poetas
946 3020 1144 3117 aequalibus
1167 3020 1224 3091 his
1241 3021 1489 3098 voluminibus
1509 3022 1695 3121 include·-

348 3172 435 3215 rem.
456 3151 533 3216 Non
554 3144 732 3216 debebam
749 3147 846 3216 enim
868 3146 904 3214 in
926 3144 997 3215 hoc
1024 3166 1150 3241 opere,
1179 3142 1280 3240 quod
1303 3140 1348 3213 ad
1368 3143 1614 3241 promovende
1634 3142 1670 3215 in

344 3267 461 3338 Gallia
495 3282 615 3337 nostra
643 3266 761 3337 studia
794 3266 1029 3337 humanitatis
1059 3266 1218 3363 suscepi,
1247 3270 1451 3337 Graecarum
1489 3267 1672 3338 literarum

346 3390 500 3487 speciem
518 3390 641 3460 animo
656 3390 846 3486 concipere
860 3389 986 3476 talem,
1002 3388 1145 3484 qualem
1158 3387 1318 3484 tulgares
1334 3402 1370 3459 et
1386 3389 1543 3460 tmlatitii
1559 3390 1671 3461 libelli

346 3515 453 3585 nobis
465 3512 693 3585 adumbrant.
709 3514 869 3609 Namque
885 3512 959 3583 baec
975 3510 1117 3583 illarum
1131 3510 1241 3582 bodie
1257 3528 1310 3582 est
1328 3511 1504 3599 conditio,
1522 3528 1577 3600 ut,
1591 3539 1671 3610 quae

346 3637 542 3735 plurimum
575 3652 611 3706 et
633 3660 746 3733 prope
772 3634 846 3706 sola
874 3634 1101 3706 celebrantur
1128 3636 1276 3706 nomina
1308 3633 1569 3724 illustrissima,
1598 3639 1671 3707 sint

345 3762 445 3856 qnasi
459 3758 621 3855 quaedam
632 3763 823 3854 ἀκροπόλεων
837 3760 911 3829 sive
925 3759 1078 3828 turrium
1093 3758 1308 3828 arborumve
1318 3760 1507 3829 cacumina
1518 3782 1671 3847 summa,

347 3883 457 3953 nrbes
471 3882 559 3952 olim
583 3882 854 3952 florentissimas
868 3897 904 3952 et
917 3881 1115 3952 latissimas
1137 3879 1242 3950 silvas
1257 3880 1329 3962 lato
1343 3903 1518 3977 aquarum
1532 3881 1672 3951 diluvio

350 4022 458 4077 tectas
475 4021 511 4075 et
527 4005 714 4099 absorptas
734 4004 942 4076 indicantia.
959 4007 1052 4074 Sane
1068 4005 1237 4100 princeps
1251 4019 1287 4074 et
1309 4005 1422 4075 instar
1437 4005 1603 4075 omnium
1619 4021 1673 4075 est

349 4134 537 4215 HomeruS,
563 4144 597 4198 at
622 4153 717 4197 unus
742 4143 901 4199 servatus
927 4153 967 4198 ex
993 4126 1121 4222 grandi
1144 4126 1205 4196 illo
1232 4126 1340 4221 Cyclo
1365 4128 1487 4223 epico;
1509 4125 1673 4198 similiter

348 4251 541 4321 ineffabilis
567 4250 625 4320 illa
646 4255 740 4345 Lyrae
761 4255 890 4322 Graecae
906 4249 1050 4320 ubertas
1072 4250 1216 4320 evanuit
1231 4273 1344 4346 prope
1361 4265 1434 4319 tota
1454 4265 1581 4346 praeter
1602 4276 1672 4320 una

346 4374 502 4469 epinicia
521 4372 685 4460 Pindari;
709 4373 813 4469 periit
833 4371 1010 4444 comoedia
1031 4372 1157 4467 triplex
1183 4388 1308 4469 praeter
1327 4396 1440 4442 unum
1462 4372 1671 4469 Aristopha-

348 4522 450 4581 nem;
468 4496 574 4591 periit
589 4495 820 4592 philosophia
838 4494 1023 4591 multiplex
1040 4511 1167 4590 praeter
1183 4494 1365 4566 Platonem
1379 4509 1415 4564 et
1428 4494 1669 4597 Aristotelem.

395 4616 492 4703 Quid
521 4616 658 4686 multa?
683 4641 915 4713 quocumque
941 4632 975 4686 te
1005 4618 1170 4704 verteris,
1193 4625 1377 4714 specimina
1405 4617 1518 4688 modo
1540 4618 1671 4712 ingenii

346 4741 451 4835 graeci
466 4738 717 4835 deprehendas
735 4767 742 4808 :
758 4740 865 4834 longe
882 4738 1038 4834 plurima
1051 4763 1195 4824 eorum,
1214 4765 1293 4837 quae
1307 4740 1466 4837 benigno
1488 4740 1572 4810 llatu
1590 4766 1672 4837 pro-

346 4864 451 4934 duxit
472 4861 547 4933 haec
571 4862 697 4932 divinae
713 4864 893 4959 particula
917 4888 1034 4947 aurae,
1067 4863 1220 4933 latorum
1243 4863 1459 4960 disperdidit
1485 4865 1669 4959 iniquitas.

347 4987 454 5081 Atqui
472 5009 513 5054 ex
530 4984 680 5080 perditis
696 4985 793 5055 hisce
814 4987 882 5055 nisi
898 4986 1077 5082 praecipua
1100 5000 1195 5055 certe
1214 4988 1424 5081 cognoveris
1440 5002 1473 5056 et
1490 4988 1527 5056 in
1544 5010 1671 5055 nnme-

346 5123 422 5177 rato
444 5108 594 5193 babeas,
621 5132 761 5203 sperare
788 5106 862 5177 noli
891 5122 925 5178 te
948 5107 992 5177 ad
1019 5112 1225 5178 Graecarum
1247 5109 1430 5180 literarum
1448 5107 1671 5179 tolerabilem

344 5229 499 5325 aliquam
539 5229 704 5299 notitiam
736 5229 1082 5325 intelligentiamque
1122 5254 1198 5300 esse
1236 5244 1507 5326 perventurum.
1542 5235 1671 5300 Parum

344 5367 463 5421 antem
476 5352 601 5445 juvant
621 5350 714 5421 leves
729 5351 943 5447 plerumque
966 5366 1002 5422 et
1018 5351 1270 5448 perfunctoriae
1289 5352 1571 5450 descriptiones,
1591 5375 1671 5446 quae

346 5475 403 5545 hic
427 5473 499 5544 illic
525 5474 716 5568 jactantur,
744 5498 917 5568 generum
941 5490 1048 5571 atque
1075 5498 1226 5571 operum
1253 5475 1497 5571 perditorum,
1527 5499 1604 5544 non
1629 5498 1669 5543 ex

345 5599 502 5694 ipsarum
523 5596 591 5667 illae
610 5595 782 5691 naufragii
806 5596 1038 5693 reliquiarum
1058 5595 1223 5692 diligenti
1244 5599 1517 5693 investigatione
1535 5596 1670 5685 ductae,

344 5719 406 5789 sed
435 5720 619 5813 ingeniose
649 5734 684 5788 et
712 5716 972 5789 delectabiliter
998 5717 1172 5789 confictae.
1197 5724 1314 5790 Immo
1332 5744 1446 5789 unum
1468 5743 1560 5816 saepc
1578 5718 1671 5815 frag·

344 5855 526 5926 mentum,
551 5842 585 5909 in
610 5865 684 5935 quo
705 5841 876 5935 antiquus
899 5840 1053 5936 scriptor
1077 5839 1237 5936 loquitur
1262 5842 1358 5938 ipse,
1375 5842 1565 5934 imaginem
1592 5840 1670 5934 ejus

343 5963 530 6031 certiorem
549 5961 887 6057 distinctioremqne
909 5961 1060 6032 sormam
1084 5964 1119 6032 in
1137 5964 1260 6032 animo
1284 5978 1346 6032 tuo
1367 5962 1534 6059 relinquit
1561 5990 1668 6059 qnam

1004 6126 1022 6164 V
