4084 8009
212 1581 268 1630 228

210 1701 324 1759 (teddouo'
346 1699 416 1758 ἐστὶν
429 1698 518 1776 ἀργόν.
534 1702 559 1776 β.
577 1694 720 1757 Μανθάνω.
734 1695 748 1718 ’
765 1688 954 1773 Ἐγρηγορυίας
967 1689 989 1747 δ’

210 1790 274 1849 εἰσίν
285 1791 312 1848 αί
326 1788 467 1868 παροψίδες
486 1778 564 1844 αὗται
587 1784 665 1861 μόνον
679 1781 809 1862 κρείττους
827 1780 893 1840 πολὺ
908 1781 991 1859 χρῆμ’

211 1881 246 1945 εἷς
254 1877 349 1950 ἡδονὴν
357 1881 372 1910 ⁴¹
381 1873 553 1948 ηταλλαὸεῖν.
563 1876 591 1931 οὐ
599 1872 649 1951 γάρ
659 1895 725 1935 τινες
736 1869 877 1949 παροψίδες
890 1868 937 1925 είσ’
946 1869 990 1924 σἰν·

209 1966 306 2025 ereata
314 1989 354 2025 σε.
367 1994 377 2015 ι
389 1970 431 2022 lta
441 1966 499 2019 baee
510 1963 666 2019 seeundum
685 1962 773 2015 libros
786 1958 890 2014 edebat
903 1957 989 2010 Mein.
1014 1993 1017 2046 ρ
1151 2007 1159 2027 .

210 2068 238 2113 et
258 2076 311 2132 pro
323 2055 505 2112 conclamatis
523 2050 655 2109 habebat.
675 2052 733 2105 Nec
755 2049 854 2102 leviter
876 2045 992 2119 quidem
1014 2055 1017 2110 Ι
1089 2035 1167 2100 μετα
1179 2036 1202 2074 tt

90 2158 94 2165 '
209 2156 345 2217 corrupta
356 2153 436 2210 sunt3
448 2139 584 2212 adjuvant
596 2149 690 2192 tamen
701 2135 830 2190 nonnihil
840 2133 993 2189 eorrectio·

209 2252 276 2288 nem
289 2234 352 2299 VL,
377 2231 407 2283 in
428 2229 533 2304 quibus
551 2229 655 2302 legitur
677 2220 844 2300 ἐγρηγορυῖαι
866 2232 895 2277 et
917 2210 995 2289 ἧνται

212 2322 258 2396 [P.
272 2320 338 2396 ητα)
352 2317 454 2379 λαβεῖν.
469 2321 561 2395 Igitur
569 2318 664 2373 omine
676 2315 767 2371 fausto
781 2312 935 2369 scribamus

260 2482 289 2520 α.
309 2453 400 2519 Γυναὶ
415 2444 590 2518 καθείδουσ’
609 2450 642 2514 αἱ
660 2447 852 2538 στόμαργοι,.
872 2449 899 2528 β.
914 2458 994 2510 Mav-

901 2542 990 2609 βαίνω.

261 2682 291 2720 α.
322 2651 517 2749 Εγρηγορυῖαι
533 2646 562 2719 δ’
580 2650 653 2717 εἰσὶν
673 2654 705 2716 αἱ
720 2641 884 2740 παροψίδες

323 2761 411 2827 αὗται
421 2761 509 2852 μόνον
523 2765 658 2852 κρεῖττον
670 2757 747 2823 πολὺ
760 2759 852 2847 χρῆμ’
870 2753 911 2828 εῖς
922 2744 995 2827 ἡδο·

940 2864 992 2933 νὴν

324 2973 342 3046 ἢ
359 2971 413 3049 τὰς
426 2967 542 3038 λαβεῖν.
555 2975 587 3055 β.
602 2971 647 3037 Oi
663 2970 719 3064 γάρ
739 2993 816 3044 τινες
833 2957 996 3059 παροψίδες

264 3074 283 3146 5
324 3078 394 3164 sie’3
412 3072 562 3146 ἀντιβολῶ
582 3102 627 3143 σε.

214 3246 301 3298 Versu
316 3240 332 3297 3
351 3239 467 3319 κρεῖττον
483 3238 541 3318 (sic
555 3242 631 3296 enim
651 3236 925 3312 Schweighaeusems
942 3252 996 3309 pro

213 3328 358 3407 κρείττους)
374 3329 441 3386 πολὺ
463 3331 556 3406 χρῆμα
579 3330 649 3384 nihil
669 3326 747 3384 aliud
763 3335 804 3383 est
825 3343 910 3399 quam
930 3321 997 3379 πολὺ

214 3416 355 3495 κρείττους.
375 3420 409 3476 V.
430 3424 446 3483 l,
468 3414 515 3482 τδις
536 3436 590 3491 pro
613 3413 723 3490 ταύτας,
744 3434 784 3472 sc.
806 3412 853 3478 τίς
864 3410 996 3488 γυναῖκας.

214 3536 253 3547 --
265 3507 298 3560 ln
311 3522 420 3580 nupera
431 3515 523 3560 tamen
541 3505 666 3561 editione
682 3503 806 3562 bleinelt.
816 3521 895 3559 suam
906 3501 942 3557 de
955 3502 998 3556 his

213 3595 381 3649 sententiam
397 3593 524 3666 aperuit,
539 3593 578 3647 ita
594 3592 725 3666 seriptis:

262 3741 338 3812 Γυνὴ
353 3728 526 3803 calethac
545 3734 625 3802 ἐστὶν
642 3735 742 3827 ἀργόν.
762 3737 791 3817 β.
809 3734 969 3800 Μανθάνω.

260 3876 293 3915 α.
313 3844 511 3944 Εγρημορυίας
523 3841 555 3914 δ’
568 3848 640 3914 εἰσὶν
656 3849 687 3913 αἱ
705 3840 884 3939 παροψίδες,

275 3963 362 4029 αὐταὶ
381 3962 468 4054 μόναι
483 3970 618 4054 κρεῖττον
629 3961 707 4029 πολὺ
722 3960 816 4054 χρῆμ’
831 3960 871 4037 εἰς
889 3953 999 4035 ἡδονὴν

538 4053 553 4082 O

263 4081 280 4153 ἢ
296 4074 487 4146 καταλαβεῖν·
504 4086 537 4145 οὐ
555 4080 611 4172 γάρ
630 4104 708 4154 τινες
720 4067 883 4169 παροψίδας

265 4187 333 4269 εἴσ’,
348 4180 498 4253 ἀντιβολῶ
515 4208 567 4268 σε,

219 4374 231 4399 ι
245 4347 364 4405 Videtur
379 4348 495 4421 aliquis,
507 4348 599 4420 inquit
611 4387 618 4413 ,
632 4345 822 4402 dormientem
838 4344 998 4415 mulierem,

216 4438 333 4496 fortasse
348 4437 480 4510 luppiter
495 4437 656 4509 Europam,
676 4452 863 4508 oppressurus
881 4452 950 4491 esse.
967 4434 1001 4489 ld

216 4537 292 4581 vetat
312 4525 392 4582 alter.
408 4525 492 4597 Nam,
503 4524 610 4597 inquit,
626 4522 769 4579 dormiens
783 4521 886 4578 mulier
903 4522 940 4577 ad
952 4541 1002 4578 ve-

215 4633 313 4670 nerem
325 4614 424 4687 ignava
439 4623 495 4682 est,
511 4623 540 4667 at
551 4613 670 4688 vigilans
685 4611 890 4669 delicatissimis
905 4611 1001 4669 libidi-

215 4721 284 4758 num
295 4701 375 4775 quasi
390 4700 604 4773 additamentis,
621 4697 759 4781 παροψίσι,
775 4715 801 4759 te
816 4704 923 4771 beabit,
939 4722 1001 4776 quae

216 4792 261 4845 vel
278 4790 342 4850 ,sola
368 4809 420 4864 per
439 4809 468 4845 se
489 4789 686 4846 incredibilem
708 4801 736 4846 et
759 4792 806 4845 vix
829 4791 1002 4864 cogitatione

217 4877 513 4950 comprehendendam
538 4879 715 4954 voluptatem
740 4879 872 4936 asserunt.
902 4881 1002 4936 Nonne

214 4967 294 5020 enim
303 4983 369 5020 vere
378 4962 490 5041 παροψὶς
500 4962 576 5021 esttb
587 4963 624 5039 μὴ
637 4963 726 5044 σφόδρ’
734 4956 801 5022 εἶναι
809 4963 885 5022 πάνθ’

218 5052 270 5109 δεῖν
283 5051 312 5109 δέ
333 5074 358 5109 τι
380 5053 523 5129 ἀγωνιᾶθαι
541 5051 587 5110 καί
610 5053 769 5133 ῥαπισθῆναί
787 5078 815 5112 τε
834 5055 878 5112 καί
899 5055 1002 5133 πληγδις

217 5137 307 5198 λαβεῖν
322 5139 451 5197 ἁπαλαῖσι
465 5138 569 5218 χερσίν;
586 5145 651 5199 Haec
666 5145 740 5199 enim
755 5143 822 5214 iere,
833 5164 896 5219 quae
906 5148 1001 5201 Timo-

219 5232 269 5286 clis
283 5232 370 5286 verba
384 5242 447 5286 sunt
455 5250 501 5305 ap.
513 5230 616 5289 Athen.
634 5231 680 5301 13,
691 5251 721 5306 p.
741 5239 809 5302 470,
826 5235 859 5301 F,
872 5237 1001 5307 proxime

216 5331 282 5393 post
296 5315 423 5376 σἰντιὸολῶ
438 5339 467 5373 σε
483 5320 609 5375 intulerit
619 5333 713 5395 poeta.
730 5347 740 5368 ν

594 5479 622 5513 2.

897 4965 1001 5044 ἕτοιμα,
1011 5040 1018 5052 ο

706 1563 908 1624 COMOEDlAE
931 1560 1094 1621 l'El'ElllS
1114 1558 1325 1631 nnttQtJtAE.

1041 1688 1115 1767 βόαξ,
1133 1692 1246 1748 »Sensit
1259 1693 1346 1746 Mein.
1360 1700 1475 1762 poetam
1493 1687 1595 1744 dixisse
1614 1676 1683 1744 εἶλον
1695 1696 1724 1743 et
1734 1686 1825 1765 ἀρῇ-ρ’.

1040 1780 1109 1854 bge,
1124 1779 1302 1835 absolvamus
1317 1776 1545 1833 emendationem
1559 1779 1599 1832 ita
1612 1775 1787 1847 scribendo,

1089 1900 1285 1995 λλιευόμενος
1300 1903 1389 1969 αὐτόν
1404 1903 1472 1969 ποθ’
1489 1900 1568 1968 εἷλον
1581 1898 1737 1998 ἀνδρίχλῃ

1204 2000 1373 2101 ρημνσίδων,
1383 2003 1506 2074 κᾶπειτ’
1520 2005 1625 2098 ἀφῆχ’,
1632 2011 1680 2075 ὅτι
1694 2008 1731 2082 ἦν
1745 2010 1827 2094 βόαξ

1042 2157 1130 2211 Versu
1142 2174 1153 2209 r
1165 2151 1241 2210 αὐτὸν
1254 2154 1379 2210 seeundo
1391 2155 1457 2209 loco
1468 2155 1566 2228 posui,
1580 2173 1617 2210 ne
1627 2154 1687 2212 duo
1702 2159 1829 2213 eontiuui

1041 2252 1225 2315 sequerentur
1242 2243 1390 2315 anapaesti,
1407 2241 1487 2316 quod
1506 2243 1589 2297 vitari
1606 2244 1680 2299 solet
1701 2244 1829 2301 iambicis

1041 2331 1166 2385 senariis.
1180 2330 1251 2385 Turn
1260 2325 1394 2405 ἀνδράχλῃ
1408 2327 1529 2385 ridicule
1542 2327 1651 2385 dictum
1667 2341 1710 2387 est
1718 2349 1773 2405 pro
1792 2332 1826 2395 είς

1042 2413 1207 2493 ἀνδράχλην,
1222 2422 1251 2470 in
1257 2413 1400 2486 foculum,
1418 2415 1653 2489 recoquendum
1671 2418 1703 2473 in
1719 2418 1826 2477 foculo.

1042 2504 1120 2559 Libri
1132 2505 1212 2559 PVL.
1227 2501 1379 2578 ἀνδράχμη,
1394 2504 1424 2559 C.
1439 2513 1468 2559 et
1482 2502 1559 2578 Epit.
1573 2502 1721 2582 ἀνδραχθῆ.
1732 2506 1830 2581 Respi-

1043 2593 1082 2646 cit
1101 2610 1212 2647 versum
1233 2601 1379 2666 grammat.
1392 2591 1482 2649 nott.
1502 2610 1532 2666 p.
1549 2590 1625 2664 383,
1647 2612 1694 2664 to,
1717 2589 1831 2652 Ἁλιευί·

1043 2699 1118 2754 μενος
1144 2701 1150 2733 ;
1177 2675 1234 2735 ἀντὶ
1262 2681 1309 2734 τοῦ
1337 2674 1458 2738 ἁλιεύων.
1486 2675 1612 2740 Πλάτων.
1638 2683 1672 2738 V.
1705 2699 1734 2741 a.
1762 2680 1830 2749 Βόαξ

1042 2768 1120 2842 apud
1133 2770 1314 2824 Aristotelem
1329 2770 1366 2827 Η.
1383 2771 1418 2828 Α.
1438 2787 1467 2844 9,
1481 2767 1510 2844 3,
1525 2779 1646 2827 vocatur
1666 2766 1731 2847 βιλξ,
1746 2791 1831 2846 quem

1042 2859 1224 2934 gregatilibus
1242 2858 1368 2933 piscibus
1388 2864 1553 2916 adnumerat
1574 2856 1655 2938 (ὅλως
1673 2857 1703 2918 δί
1721 2861 1831 2936 ἂγελεῖά

1043 2946 1099 3003 ἐστι
1109 2943 1247 3015 τδτοιιίδε,
1257 2944 1381 3020 βυννίδες,
1396 2945 1512 3021 μαινίδες
1520 2992 1528 3022 ,
1536 2944 1637 3022 codrot,
1650 2949 1829 3029 βῶκες,είε).

1044 3036 1142 3094 Festus
1158 3057 1165 3094 :
1180 3061 1193 3084 ι
1209 3033 1312 3090 δοιασι
1326 3053 1414 3111 genus
1426 3038 1541 3110 piscisa
1554 3038 1683 3107 boando,
1697 3040 1719 3098 i.
1732 3058 1760 3099 e.
1775 3042 1831 3098 ela·

1043 3124 1163 3193 mando,
1180 3123 1366 3199 appellatum.
1381 3150 1393 3173 ι
1408 3124 1501 3183 Bocas
1514 3126 1654 3200 intelligas
1668 3126 1758 3202 βῶτας
1776 3147 1830 3203 po-

1045 3214 1099 3267 tius
1122 3232 1208 3285 quam
1231 3232 1324 3268 casum
1344 3224 1453 3269 rectum
1474 3213 1623 3288 singularis
1645 3217 1774 3287 numeri,
1802 3230 1833 3273 ut

1045 3300 1184 3356 Gesnerus
1207 3300 1291 3355 Thes.
1312 3300 1334 3357 l.
1358 3300 1378 3353 Ι.
1400 3318 1428 3357 r.
1450 3301 1538 3360 Boea.
1564 3300 1693 3360 Isidorus
1721 3322 1770 3375 ta,
1786 3304 1829 3361 6:

1046 3410 1058 3436 ι
1076 3388 1173 3442 boccas
1190 3386 1292 3466 (immo
1308 3381 1405 3462 bocas)
1422 3386 1524 3445 dicunt
1537 3391 1623 3446 etiarn
1636 3391 1727 3448 boves
1745 3396 1832 3448 mari·

1046 3493 1107 3544 nos,
1119 3476 1198 3551 quasi
1211 3475 1326 3533 boacas.
1343 3491 1354 3523 ι
1371 3473 1481 3530 Nomen
1497 3474 1673 3532 hodiernum
1690 3476 1775 3551 hujus
1786 3497 1833 3554 ge·

1046 3563 1121 3617 neris
1139 3564 1260 3636 piscium
1279 3563 1390 3637 ignoro,
1411 3563 1464 3616 nisi
1485 3561 1558 3619 forte
1572 3573 1615 3618 est
1636 3564 1834 3639 cataphracten

1047 3651 1144 3719 Lino,
1156 3650 1257 3725 dequo
1267 3652 1312 3705 vir
1321 3648 1725 3713 doctissimusStein.Hatrbd.
1735 3653 1765 3712 d.
1776 3649 1834 3712 Na·

1047 3738 1182 3813 turgescit.
1192 3757 1219 3813 p.
1237 3757 1294 3813 ²²9
1311 3759 1344 3792 :a
1356 3740 1414 3793 Der
1429 3737 1604 3794 Knurrkabn
1619 3739 1832 3818 (Steinpiclerl,

1047 3829 1261 3904 cataphractus,
1279 3847 1318 3883 an
1328 3829 1383 3883 den
1396 3826 1570 3883 aoerdttcten
1584 3829 1694 3883 Kristen
1709 3848 1766 3886 υοπ
1778 3831 1832 3885 Ea·

1046 3935 1117 3989 rupa
1128 3917 1188 3971 aad
1200 3916 1343 3984 Amerilu,
1360 3917 1447 3985 loesst,
1463 3934 1543 3970 werra
1553 3933 1585 3969 er
1596 3911 1745 3990 gestingen
1755 3918 1828 3982 νιείιί,

1047 4008 1129 4057 einen
1142 4004 1316 4059 luntrenden
1336 4005 1395 4058 Ton
1408 4003 1514 4072 boeren,
1531 4005 1583 4060 der
1594 4009 1625 4059 in
1642 4005 1700 4061 dea
1714 4007 1831 4062 Kiemea

1047 4091 1176 4149 eatetelrt.
1199 4093 1242 4146 Er
1261 4092 1335 4146 wird
1357 4104 1431 4147 θωνα
1450 4093 1468 4149 6
1488 4093 1555 4147 zott
1573 4094 1654 4166 lang,
1681 4093 1735 4150 bat
1755 4100 1833 4151 ειίεεπ

1047 4196 1120 4235 vom
1132 4178 1331 4258 aclrtluntigen
1346 4181 1407 4237 urtd
1424 4198 1481 4237 von
1496 4180 1685 4239 taoectemen
1704 4182 1832 4242 Scltildcr

1048 4270 1219 4340 nnrgebcnen
1231 4271 1309 4340 Leib,
1325 4295 1337 4319 ν
1352 4280 1405 4326 etc.

1427 4380 1454 4441 3.

1090 4495 1266 4568 Phrynichus
1281 4501 1388 4571 Appar.
1403 4497 1520 4570 sophist.
1536 4515 1566 4570 p.
1583 4504 1631 4565 aa,
1646 4497 1678 4572 5,
1695 4495 1833 4576 Ὶίμηχί·

1049 4604 1121 4639 νουν
1140 4604 1146 4637 :
1163 4584 1215 4641 Πλ.
1230 4584 1256 4640 ἕν
1269 4587 1301 4661 τῇ
1320 4585 1384 4661 Erip.

1208 4751 1263 4809 tx.
1282 4751 1382 4810 ΖΕΥΣ
1402 4749 1677 4812 ΚΑΚΟΥΜΕΝΟΣ.

1090 4923 1101 4945 1«
1117 4898 1228 4952 Titulus
1242 4896 1344 4952 fabulae
1359 4896 1396 4952 ad
1413 4900 1510 4954 neseio
1533 4916 1620 4971 quam
1633 4900 1717 4956 lovis
1730 4911 1832 4957 contu·

1049 4985 1161 5042 melium
1172 4984 1224 5060 (ci.
1234 5004 1298 5039 ann.
1306 4984 1383 5040 adfr.
1400 5003 1423 5041 ι.
1432 4984 1531 5060 Botlt.)
1540 4997 1668 5061 spectat:
1679 4988 1756 5046 male
1764 4991 1834 5045 enim

1049 5073 1125 5146 apud
1138 5071 1310 5139 Eudociam,
1323 5072 1530 5144 Andronicum,
1546 5085 1574 5130 et
1582 5074 1674 5134 schol.
1691 5075 1832 5152 Aristoph.

1050 5162 1115 5215 Pac.
1142 5166 1228 5234 taba,
1252 5161 1356 5234 legitur
1370 5158 1547 5234 καλούμενος,
1563 5180 1629 5235 quae
1643 5163 1750 5222 menda
1771 5165 1833 5220 olim

1022 5267 1027 5324 ρ
1049 5250 1133 5304 etiarn
1145 5249 1289 5304 Pollucem
1303 5267 1331 5317 7,
1354 5249 1418 5317 132,
1436 5249 1595 5306 obsidebat.
1614 5273 1627 5300 »
1639 5252 1666 5305 E
1677 5253 1726 5310 M.

1402 5396 1428 5431 1.
1453 5397 1480 5436 2.

1089 5509 1190 5564 Athen.
1205 5507 1249 5580 15,
1261 5529 1292 5583 p.
1309 5509 1384 5578 606,
1400 5512 1426 5566 D
1445 5529 1451 5564 :
1476 5506 1591 5568 Πλάτων
1605 5505 1632 5567 δί
1645 5510 1673 5568 ir
1684 5509 1730 5570 aa
1743 5534 1835 5571 κακου-

258 5591 337 5647 ldcm
361 5611 388 5661 7,
401 5609 430 5667 p.
444 5589 515 5659 δαβ,
529 5592 551 5647 F
571 5606 578 5648 τ
595 5588 751 5668 πρημνάδας
773 5588 799 5646 δὲ
818 5590 863 5656 τὰς
885 5590 1002 5659 θυννίδας
1023 5607 1026 5648 t
1051 5595 1122 5674 μένῳ
1133 5596 1241 5661 παιδιᾶς
1253 5587 1318 5662 εἶδος
1331 5594 1480 5674 παρυίνοιον
1492 5593 1535 5653 τδν
1548 5593 1677 5655 κότταὸον
1693 5587 1762 5655 εἶναι
1773 5600 1832 5655 σῖτο-

219 5675 316 5753 ἔλεγον.
331 5678 384 5737 Πλ.
399 5676 464 5755 Εὖρ.
479 5675 677 5751 ιἰίλιευὸμενός
687 5679 745 5733 ποτ’
762 5676 838 5734 αὖτὀν
849 5679 860 5702 *
871 5668 937 5735 είδον
953 5684 1001 5737 αἰν·

220 5761 326 5840 δραίχμη
346 5761 413 5838 μετὰ
439 5764 611 5839 πρημνάδων,
634 5762 737 5826 κᾶπειτ’
753 5765 767 5793 ⁴²
786 5765 884 5842 ἀφῆκεν
910 5765 949 5824 δτι
969 5767 1001 5839 ἣν

226 5879 386 5890 ---
410 5883 479 5889 ..-...

533 5930 690 5986 nttnora.

600 6052 623 6100 i.

221 6180 245 6219 a.
257 6163 383 6219 Mulieres
392 6164 531 6221 dormiunt
546 6166 706 6239 loquaces...
721 6166 747 6222 b.
763 6167 896 6238 lutelligo.

220 6267 245 6305 a.
260 6248 312 6306 Sed
328 6260 488 6322 experrecta
501 6262 567 6310 sunt
581 6253 756 6327 paropsides.

221 6336 286 6393 solae
298 6336 341 6393 bae
355 6336 435 6409 longe
452 6340 570 6411 potiores
585 6340 619 6397 ad
634 6339 827 6397 delectandum

537 5882 680 5890 ------
689 5882 907 5891 .·.--———.-...
917 5887 976 5892 —..
1001 5888 1019 5893 ..
1043 5888 1073 5894 ..-

1050 5681 1168 5755 δίδωσιν,
1179 5684 1206 5741 ἐν
1218 5675 1236 5760 ᾖ
1250 5682 1384 5750 ἐξίσταντο
1398 5683 1445 5741 καὶ
1458 5683 1510 5741 τῶν
1522 5682 1669 5763 σκευαρίων
1680 5689 1705 5744 oi
1717 5686 1732 5716 ⁴¹
1745 5687 1832 5744 δυσκυ·

1053 5767 1165 5836 δοῦντες.
1180 5769 1249 5846 λέγει
1260 5774 1283 5827 δ’
1298 5770 1386 5837 οὕτως·

1079 5885 1831 5898 ...-—.-..-—.--—--··-—--—-———-——-

1028 5949 1034 6018 t
1051 5953 1134 6009 quant
1147 5940 1168 5993 si
1180 5940 1242 5994 istas
1254 5938 1390 5994 adhibeas.
1404 5938 1431 5992 b.
1443 5915 1562 5995 Ubinam
1574 5937 1734 6009 igitursunt
1743 5937 1832 6009 atique

1031 6030 1033 6076 f
1051 6024 1170 6080 nlttrst0t
1182 6035 1220 6080 le·

1604 6055 1613 6072 .
1645 6023 1831 6096 [paropsidem

1428 6148 1457 6187 a.

1052 6254 1159 6311 Piseans
1171 6252 1317 6326 aliquando
1330 6254 1389 6326 cepi
1399 6268 1461 6309 eum
1474 6251 1508 6308 ad
1521 6250 1645 6310 loculum

1052 6357 1115 6398 etun
1130 6342 1260 6410 thunnis,
1276 6340 1372 6397 deinde
1384 6340 1493 6408 dimisi,
1507 6340 1571 6412 quia
1583 6348 1642 6398 erat
1657 6340 1723 6398 lm.
