4084 8009
208 1514 263 1562 2:30

258 1651 406 1745 β.’11πιρρ’
420 1658 425 1717 !
442 1654 501 1744 ἐγὼ
511 1643 538 1713 δ’
553 1654 623 1739 ὑμῖν
636 1648 670 1712 τὸ
685 1654 811 1740 πρᾶγμα
825 1640 863 1722 δὴ
875 1648 988 1738 φράσω·

258 1754 416 1851 Ῠπερίῖόλῳ
433 1762 541 1842 βουλῆς
556 1752 622 1847 γάρ,
638 1749 757 1845 ὧνδρες,
769 1755 932 1846 ἐπέλαχον.

209 1886 318 1957 Quibus
332 1894 397 1958 apte
411 1882 612 1937 continuantur
633 1880 695 1943 illa,
717 1897 779 1953 quae
798 1878 989 1938 antecedunt:

210 1975 351 2028 subiratus
362 1972 438 2025 enirn
459 1970 591 2024 dominus
602 1985 701 2038 servo,
723 1966 889 2023 familiarius
902 1965 992 2021 auda-

210 2064 326 2132 ciusque
357 2060 455 2113 locuto
487 2059 517 2111 in
540 2056 697 2124 concione,
721 2055 867 2110 bominem
893 2053 991 2127 abigit,

208 2148 323 2219 jamque
343 2145 453 2202 civibus
478 2145 614 2219 exponit,
640 2142 712 2217 quid
732 2144 773 2197 rei
795 2144 840 2198 sit.
860 2166 872 2190 ι
895 2140 994 2207 Βουλῆς

209 2236 315 2309 pendet
328 2236 363 2290 ab
376 2231 515 2311 ἔπε’λαχον.
534 2258 545 2283 ν
564 2235 654 2291 Mein.
669 2232 780 2288 Ibidem
796 2232 887 2289 codex
899 2232 992 2286 minus

209 2327 311 2379 usitate
325 2321 434 2399 ἄνδρες,
450 2322 574 2380 confusis
591 2343 607 2377 α
627 2334 656 2378 et
673 2343 695 2377 ω
706 2322 821 2392 litteris,
844 2332 877 2376 ut
895 2319 994 2394 Odyss.

212 2432 257 2480 ιο,
274 2412 341 2482 343,
355 2422 409 2467 etc.

589 2535 617 2594 4.

250 2645 329 2700 ldem
347 2644 451 2701 Avium
471 2661 521 2698 121
535 2684 544 2712 ,
561 2637 649 2719 εὔερον
666 2659 673 2699 t
688 2631 742 2698 οἷον
760 2638 893 2715 μαλακὴν,
904 2638 996 2717 ὥσπερ

211 2727 319 2807 σισύραν
334 2726 442 2807 εὐέριον.
459 2729 514 2787 Πλ.
527 2726 591 2786 Ὑπ.

259 2842 325 2910 Καὶ
334 2852 478 2911 τοσοῦτον
486 2843 597 2936 εὐερίας
605 2843 809 2911 ἀπολέλαυκεν
817 2836 996 2935 λ’πέρίολος,

266 2956 338 3017 ὥστ’
359 2952 568 3043 αὐγρέστατός
582 2955 656 3019 ἐστι.

212 3081 291 3137 Libri
307 3081 414 3154 vulgati
433 3076 610 3154 αὖχμότιιτος,
627 3078 707 3151 quod
726 3078 862 3132 abhorret
879 3095 896 3131 a
913 3093 999 3132 versu

212 3170 397 3243 plrerecrateo
413 3184 421 3224 :
435 3165 617 3244 αὐγμέστατος
632 3166 692 3237 jam
707 3166 776 3219 olim
784 3166 968 3240 propositum
981 3182 998 3219 a

213 3276 258 3312 rue
278 3268 319 3311 est
332 3275 400 3311 ann.
416 3256 451 3310 ad
471 3257 573 3311 Avium
594 3255 612 3310 l.
627 3255 648 3311 l.
662 3253 793 3309 Ridicule
808 3254 865 3322 Pl,
879 3254 999 3327 proprio

214 3364 296 3399 sensu
306 3345 465 3399 lanositatis
483 3344 627 3397 intellecta
642 3360 711 3396 voce
729 3337 828 3417 εὐερίας
842 3340 999 3415 (quemad-

214 3434 332 3488 modum
346 3432 480 3488 Germani
500 3451 551 3486 :er
574 3437 638 3485 sitzt
654 3435 682 3483 in
701 3430 752 3483 der
771 3429 814 3487 W
812 3430 892 3504 olle),
910 3430 1000 3482 sordi-

214 3522 355 3575 dissimum
367 3517 488 3593 figurate
503 3518 575 3573 dixit
587 3517 801 3592 Hyperbolum,
815 3518 883 3589 quia
903 3515 1002 3571 sordes

215 3610 348 3683 colligere
359 3609 451 3663 solent
465 3609 535 3662 lanae
550 3607 659 3679 ovium,
675 3605 778 3679 quade
793 3623 873 3661 causa
884 3604 1002 3660 Ovidius

217 3701 277 3751 Art.
295 3716 351 3750 am.
365 3697 393 3764 3,
408 3713 487 3750 aar:

257 3786 331 3854 Quas
344 3784 438 3857 geritis
447 3793 552 3850 vestes,
565 3783 679 3835 sordida
695 3782 762 3835 lanu
775 3780 838 3834 tuit.

216 3872 315 3926 Suidas
338 3872 367 3928 h.
389 3890 415 3926 v.
436 3865 499 3925 ὥστ’
524 3867 673 3937 ἀθλιωτάτη
697 3866 764 3943 ἐστί,
788 3877 924 3942 corrupte
946 3885 1000 3941 pro

216 3955 385 4027 ἀθλιώτατος,
399 3957 479 4032 quod
488 3956 603 4013 exbibet
612 3956 704 4012 codex
718 3957 828 4026 Venet.,
839 3974 916 4010 nune
929 3973 1002 4027 prae·

211 4048 302 4101 ⁴latum
317 4047 431 4101 ablein.
450 4065 457 4099 :
472 4070 484 4094 ιι
506 4042 587 4100 Hune
604 4043 729 4100 fructum
740 4062 781 4120 „ex
794 4045 853 4099 vita
870 4042 1002 4098 omnibus

218 4134 302 4189 bouis
320 4131 453 4191 affluente
467 4133 668 4207 Hyperbolum
688 4133 847 4208 percepisse
869 4133 956 4201 dicit,
972 4143 1003 4187 ut

215 4221 273 4295 jam
285 4225 320 4279 sit
333 4224 519 4280 miserrimus.
537 4246 549 4272 ν

596 4317 623 4374 5.

260 4433 364 4490 Allien.
381 4450 448 4507 2,p.
462 4432 550 4500 56‚F
567 4449 574 4489 :
590 4429 794 4507 ὑποκοριστικῶς
806 4428 830 4484 δ’
845 4426 931 4504 εἴρηκε
948 4425 1001 4485 Πλ.

219 4521 245 4576 ἐν
269 4517 333 4578 Ὑπ.
357 4515 568 4587 νιΦύλλιονῆ
595 4514 810 4595 ῥαφανίδιον.
833 4540 845 4565 ν
867 4516 1005 4572 Dobraeus

221 4609 337 4666 llilvers.
354 4627 383 4676 2,
398 4628 428 4683 p.
451 4608 529 4683 298,
554 4607 675 4685 pulleinii
695 4602 890 4684 ἥραφανιδίου.
909 4606 1005 4660 Malim

221 4696 341 4773 φυλλεῖον
356 4693 388 4752 ἂν
404 4694 570 4774 ραφανιδίου,
584 4695 634 4751 sed
651 4696 768 4750 fortasse
780 4691 886 4771 φύλλιον
897 4702 1006 4747 nonest

222 4784 407 4852 mutandum,
421 4796 454 4839 ut
465 4786 551 4840 etiam
569 4784 615 4838 hie
629 4803 727 4839 versus
746 4785 781 4838 sit
792 4784 1003 4857 pherecrateus,

222 4872 364 4945 producta
378 4872 485 4945 syllaba
496 4894 564 4942 -νι-,
579 4882 611 4925 ut
625 4873 655 4925 in
666 4889 738 4926 voce
754 4865 902 4948 ῥαφανίδων
917 4870 1003 4926 Arist.

224 4955 300 5011 t‘tut.
315 4956 384 5023 540.

602 5056 620 5109 6

263 5157 387 5215 Gramm.
406 5157 523 5214 bekkeri
541 5156 648 5213 Anecd.
664 5176 694 5230 p.
715 5163 783 5227 447,
798 5174 847 5226 27,
863 5153 888 5213 ’a
900 5176 1009 5234 ρτοσι-

224 5250 295 5301 τεῑν
309 5266 316 5300 t
333 5243 362 5300 τδ
376 5242 489 5302 ἐναντίον
504 5244 541 5321 τῷ
554 5245 706 5323 ὀψοφαγεῖν.
725 5244 779 5302 Πλ.
792 5244 818 5300 ἐν
829 5241 895 5303 ‘l'n
914 5240 1010 5321 κέχρη-

224 5356 268 5390 ται
279 5335 318 5411 τῷ
331 5332 450 5407 ὀνόματι.

606 5458 633 5507 7.

266 5552 362 5606 Sebol.
379 5549 499 5610 Luciani
512 5550 586 5606 Tim.
604 5567 631 5618 1,
643 5566 675 5623 p.
695 5555 762 5620 141,
774 5547 811 5605 de
826 5548 1009 5623 llyperbolo:

230 5637 281 5694 Πλ.
294 5636 321 5694 δὲ
333 5639 347 5693 δ
360 5635 475 5712 κωμικὸς
489 5634 573 5696 Λυδὸν
584 5634 662 5694 αὐτόν
675 5658 752 5715 φησιν
764 5626 840 5693 εἶναι.

488 5776 597 5837 XXIX.
622 5777 743 5836 ΦΛΩΝ.
780 5836 783 5843 ,
1037 5863 1040 5883 Ι

276 5921 287 5943 ‹·
304 5897 465 5953 Senioribus
478 5906 569 5969 poetae
584 5891 732 5948 comoediis
746 5888 919 5946 accensenda
931 5888 1011 5944 vide-

235 6006 282 6047 tur
296 5992 392 6067 Φάων,
409 5994 505 6049 fabula
519 5993 620 6047 omissa
635 5990 670 6044 ab
687 5988 852 6046 Andronico
871 5990 898 6041 in
911 5988 1011 6041 Plato·

281 6099 354 6106 ——.
568 6103 604 6111 ,-

275 6151 367 6219 Apage
380 6154 420 6206 te!
439 6169 542 6224 egoque
552 6154 655 6210 seilicet
666 6156 741 6212 robis
752 6173 807 6212 rein
817 6156 905 6213 dicam
920 6177 924 6210 ι

236 6236 381 6305 llyperboli
392 6239 464 6295 eniui
476 6240 546 6302 loro,
563 6243 649 6309 uviri,
661 6244 687 6299 in
703 6252 829 6301 senatum
850 6261 893 6300 ure
906 6245 1014 6301 subsur-

870 6337 875 6398 ι
891 6334 931 6389 titi
941 6343 1014 6390 suut.

698 1495 905 1555 COMOEDIAE
925 1492 1092 1553 varanis
1114 1493 1317 1566 nettQtnAE.

1038 1646 1168 1700 nieorum
1182 1644 1343 1700 dramatum
1351 1662 1475 1700 recensu.
1488 1647 1695 1718 Argumentum
1705 1646 1825 1702 Phaonis

1040 1732 1156 1787 sortasse
1172 1734 1307 1806 cognosci
1329 1741 1424 1807 potest
1437 1750 1472 1787 ex
1486 1733 1585 1788 Servio
1606 1733 1643 1788 ad
1661 1732 1741 1807 virg.
1763 1732 1822 1788 AEn.

1042 1822 1068 1889 3,
1083 1840 1159 1894 279:
1175 1822 1274 1876 Plraon
1288 1839 1372 1895 quum
1385 1832 1458 1898 esset
1471 1823 1669 1889 navicularius,
1688 1823 1790 1876 solitus
1804 1841 1821 1875 n

1041 1910 1125 1963 lesbo
1146 1915 1175 1963 in
1208 1914 1392 1965 continentem
1414 1914 1575 1982 proximam
1604 1906 1697 1981 (male
1717 1898 1826 1964 editum

1038 1993 1196 2071 proximos}
1208 2015 1328 2070 quosque
1342 1997 1468 2051 mercede
1485 1994 1671 2063 eumenem,
1693 1997 1826 2052 Venerem

1041 2098 1176 2139 mutawm
1193 2090 1223 2139 in
1236 2104 1308 2140 anus
1317 2082 1450 2155 sororem
1462 2088 1736 2159 gratistmmveaei13
1756 2104 1825 2159 qua-

1038 2185 1155 2247 propter
1171 2174 1209 2227 ab
1227 2192 1263 2229 ea
1281 2175 1401 2229 donatus
1418 2178 1555 2246 ungroenti
1567 2174 1725 2242 alabastro,
1747 2192 1826 2247 quum

1041 2281 1071 2317 se
1087 2264 1187 2317 indies
1202 2263 1269 2317 inde
1281 2274 1340 2317 tum
1356 2274 1485 2335 ungeret,
1497 2258 1630 2333 seminar
1644 2266 1676 2316 in
1693 2266 1826 2317 σκίαινα·

1041 2369 1099 2405 rem
1114 2350 1253 2409 trahebat.
1267 2352 1318 2407 His
1330 2351 1460 2405 similiter
1475 2351 1542 2421 alii,
1562 2367 1689 2427 quorum
1703 2352 1826 2406 testimo·

1043 2440 1090 2494 nia
1107 2440 1229 2511 apposui
1239 2439 1277 2494 ad
1288 2438 1477 2495 Menandrum
1490 2458 1522 2513 p.
1542 2436 1610 2497 105.
1627 2437 1712 2495 Adde
1723 2440 1827 2513 Apule·

1042 2523 1104 2595 jum
1116 2528 1159 2581 De
1176 2526 1305 2600 orthogr.
1329 2544 1360 2601 p.
1385 2524 1415 2594 8,
1429 2536 1459 2581 et
1471 2525 1508 2580 de
1531 2535 1702 2601 argumento
1727 2526 1825 2601 fragm.

1044 2612 1178 2668 dramatis
1195 2632 1207 2668 r
1226 2624 1255 2669 et
1269 2630 1297 2672 1.
1316 2637 1330 2663 ν
1349 2614 1375 2668 E
1388 2614 1433 2670 M.
1444 2612 1621 2687 Paloephatus
1637 2630 1703 2688 cap.
1724 2620 1776 2687 49,
1791 2633 1823 2670 ex

1044 2702 1213 2758 recensione
1223 2701 1432 2760 Wertermanni
1444 2700 1491 2778 (in
1501 2697 1728 2780 Μοδογράρσιςρ.
1736 2699 1826 2778 30⁸1:

1047 2786 1493 2867 ΠερλΦάωνος[διήγημα].
1509 2780 1830 2869 ΤῷΦάωνιβίοςῆνπιρλ

1045 2876 1136 2934 πλοῖον
1150 2875 1196 2933 καὶ
1210 2876 1357 2934 θάλασσαν.
1374 2867 1680 2957 πορδμδς(1”ι“εῑιι111)ἥν
1697 2876 1828 2938 θάλασσα.

1046 2962 1166 3039 ἔγκλημα
1185 2963 1213 3022 δὲ
1230 2963 1303 3022 οὖδίν
1323 2967 1387 3043 παρ’
1407 2964 1508 3030 oeten<
1526 2964 1658 3040 ἐνομίζετο
1681 2965 1828 3043 [suspicor

1046 3052 1171 3129 Palaeph.
1185 3056 1325 3130 scripsisse
1340 3051 1386 3111 καλ
1396 3051 1532 3116 θάλασσαν
1541 3051 1552 3129 (
1561 3075 1590 3112 π.
1599 3056 1617 3123 ἡ
1627 3051 1779 3128 θάλασσαλ·
1793 3051 1832 3129 ly·

1046 3143 1136 3216 κλημα
1156 3138 1183 3197 δὲ
1201 3154 1255 3199 etc.
1271 3141 1386 3218 Both.],
1398 3139 1455 3198 irtel
1469 3138 1515 3197 καλ
1530 3137 1633 3218 μέτριος
1649 3130 1693 3212 ἦν,
1704 3138 1752 3197 καὶ
1763 3138 1833 3218 τιορδ

1046 3231 1099 3286 τῶν
1110 3227 1222 3307 ἐχόντων
1236 3226 1314 3305 μόνον
1328 3227 1443 3307 ἐδέχετο.
1461 3231 1550 3304 θαῦμα
1563 3217 1597 3298 ib
1609 3229 1655 3284 mii
1669 3224 1772 3305 τρόπον
1784 3232 1834 3292 τοίς

1048 3316 1178 3382 Λεσὸίοις
1193 3316 1295 3375 ἐπαινεῖ
1309 3317 1422 3392 (malim
1434 3317 1478 3375 in.
1493 3336 1522 3373 τι
1590 3313 1637 3374 καί
1648 3357 1680 3376 ...
1695 3312 1736 3373 'l'l
1752 3315 1834 3371 ride-

1048 3418 1095 3462 tur
1114 3406 1246 3461 baustum
1269 3424 1286 3461 a
1310 3407 1405 3461 vicino
1428 3426 1468 3462 το.
1490 3400 1650 3476 Βοιωτὸν
1669 3400 1834 3481 ἄνδρωπονὴ

1048 3491 1103 3557 θεός
1125 3490 1287 3572 (Ἀφροδίτην
1302 3491 1407 3570 λέγουσι
1420 3489 1468 3561 τὴν
1483 3489 1556 3565 θεόν)
1574 3489 1836 3569 [interpretamenti

1048 3584 1173 3656 speeiem
1186 3582 1273 3637 babet
1293 3577 1341 3649 τὴν
1353 3578 1420 3637 θεόν.
1440 3580 1538 3637 Codex
1554 3580 1576 3636 C
1589 3580 1669 3655 apud
1684 3581 1834 3636 Westem.

1049 3668 1132 3738 ἡθιδς
1141 3667 1288 3748 Ἀφροδίτη.
1304 3667 1410 3745 Burin]
1432 3665 1477 3724 καί
1491 3666 1609 3725 ὑποδῦσα
1623 3664 1685 3723 δίαν
1702 3665 1837 3745 ἄνδριίνω

1049 3756 1169 3833 γυναικὸς
1182 3755 1234 3827 ἤδη
1247 3755 1422 3834 γεγηρακυίας
1441 3757 1481 3835 τῷ
1498 3752 1594 3813 Φάωνι
1613 3752 1766 3831 διαλέγεται
1779 3754 1836 3831 apl

1049 3846 1127 3904 πλοῦ.
1139 3842 1220 3923 ταχὺς
1231 3836 1264 3915 ἦν
1276 3846 1371 3909 ἐκεῖνος
1384 3844 1472 3920 (sorte
1483 3843 1618 3900 omissum
1631 3854 1716 3920 putes
1730 3841 1761 3901 δί
1776 3853 1839 3919 poti

1049 3928 1839 4013 ταχύς.130111.)καλθιραπιῦσαικσίδιακομίσαι(ςίοωεω1

1050 4044 1095 4081 me
1102 4025 1200 4097 judice
1215 4044 1223 4080 ι
1238 4023 1422 4098 nequeenim
1432 4020 1509 4079 aliud
1524 4019 1666 4098 significat
1680 4022 1739 4097 θιρ.
1755 4038 1838 4094 quan

1051 4111 1125 4168 διακ.
1135 4112 1239 4186 Both.)
1254 4110 1300 4168 καί
1321 4108 1402 4184 μηδὲν
1417 4110 1570 4179 ίπαιτῆσαι.
1585 4107 1611 4167 τί
1627 4095 1673 4167 οὖν
1685 4104 1732 4166 inl
1743 4104 1839 4173 τούτοις

1051 4198 1155 4270 ἡδεός,
1183 4197 1295 4278 ἀμεῖψαί
1313 4219 1378 4276 φασι
1399 4195 1444 4254 τδν
1458 4195 1608 4276 ἄνθρωπον,
1633 4192 1680 4253 καί
1700 4193 1839 4272 ἂμιίδτται

1051 4284 1153 4357 νεότητι
1167 4286 1211 4344 καλ
1225 4287 1317 4344 κάλλει
1328 4285 1372 4343 τὸν
1381 4286 1499 4363 γέροντα.
1510 4285 1590 4362 (Ηοο
1602 4286 1727 4341 maxime
1741 4286 1840 4342 obser-

1051 4377 1176 4432 vandum
1192 4387 1243 4445 est,
1253 4376 1332 4449 quod
1341 4376 1466 4449 neglexit
1478 4375 1592 4430 Servius
1609 4392 1617 4431 :
1636 4391 1726 4428 senex
1738 4373 1840 4444 l'uit,si

1052 4464 1147 4521 sabula
1157 4483 1236 4534 vera,
1243 4466 1350 4533 Phaon,
1361 4462 1557 4535 beneficioque
1565 4462 1623 4518 deae
1630 4460 1748 4533 juvenis
1756 4461 1843 4518 iaetus

1052 4565 1104 4623 est,
1113 4573 1199 4628 quem
1207 4554 1323 4628 Sappho
1333 4552 1503 4621 amaret30i.
1511 4553 1725 4610 AElianusV.ll.
1739 4569 1788 4626 11,
1797 4551 1841 4609 18.

1053 4642 1184 4702 Ceterum
1197 4642 1387 4717 eongmentiae
1401 4657 1485 4696 causa
1496 4658 1550 4714 pro
1564 4635 1721 4712 δμείδεσδαι
1735 4638 1843 4695 sadra-

1053 4728 1276 4806 οιιιτάμείὸετοιιι
1290 4747 1360 4804 quas
1370 4730 1475 4784 formas
1489 4728 1646 4802 permutari
1653 4727 1768 4784 interce
1777 4744 1844 4782 eon-

1054 4831 1109 4875 stat
1121 4840 1127 4873 :
1139 4820 1305 4876 v.adThue.
1318 4837 1345 4887 1,
1356 4835 1426 4886 ¹203
1439 4817 1467 4889 3,
1481 4816 1529 4874 36.
1540 4815 1642 4888 Both.)
1654 4803 1844 4880 οὖτοςδΦιίων

1055 4896 1344 4985 ἕστὶν,ἔφ’ᾧτ“ονέρωτοι
1351 4905 1430 4974 αὐτῆς
1437 4891 1844 4982 Σαπρὼπολλάκιςᾷσμαδττοίη·

1056 5016 1109 5055 σεν.
1124 4998 1249 5051 AElianus
1263 4998 1295 5052 V.
1310 4997 1348 5050 H.
1364 4994 1384 5052 l.
1395 4995 1415 5048 1.
1429 5012 1436 5051 :
1451 4990 1526 5050 Ὅτι
1540 4988 1641 5050 Φάων
1658 4979 1842 5068 ὣραῖοςῆν.

1056 5082 1109 5141 Τὸν
1120 5081 1234 5154 Φάωνα,
1246 5079 1385 5138 κάλλιστον
1398 5078 1541 5158 ἀνθρώπων
1550 5075 1622 5147 ὄντα,
1634 5079 1652 5147 ἡ
1668 5074 1810 5157 Ἀφροδίτη
1821 5076 1845 5132 lv

1057 5169 1216 5249 θριδακίναις
1227 5168 1336 5248 ἔκρυψε.
1346 5166 1421 5244 λόγος
1440 5166 1467 5224 δὲ
1487 5164 1582 5246 ἕτερος,
1596 5163 1637 5224 ὅτι
1653 5155 1686 5236 ἦν
1701 5162 1842 5243 πορθμεὺς,

1058 5258 1103 5316 καὶ
1112 5248 1166 5336 εἶχε
1178 5261 1255 5315 τοῦτο
1264 5256 1293 5314 τδ
1308 5255 1479 5332 ίττιτήδενμα.
1494 5254 1602 5332 ἄφίκετο
1613 5252 1642 5312 δέ
1650 5275 1715 5311 ποτε
1728 5256 1746 5323 ἡ
1757 5252 1847 5333 Ἀφρα-

1059 5347 1133 5419 δίτη,
1150 5346 1307 5405 διαπλεῦσαι
1330 5342 1484 5423 βουλομένη·
1505 5344 1520 5400 δ
1539 5340 1567 5400 δὲ
1585 5339 1706 5419 ἀσμένως
1727 5339 1844 5412 ἐδέξατο,

1059 5436 1106 5494 οὐκ
1120 5432 1193 5500 εἰδὼς
1204 5432 1261 5505 ἥτις
1277 5423 1309 5505 ἦν
1321 5434 1401 5508 (libri
1415 5433 1487 5491 male
1503 5428 1573 5495 δοτις
1587 5418 1630 5501 δν,
1650 5452 1670 5501 η
1686 5442 1715 5487 et
1728 5450 1762 5487 οσ
1776 5449 1845 5488 con·

1062 5526 1142 5595 fusis,
1165 5525 1200 5581 de
1223 5543 1282 5599 quo
1304 5523 1410 5579 mendo
1429 5542 1456 5577 v.
1476 5542 1529 5578 nos
1555 5519 1592 5577 ad
1608 5518 1693 5577 Iliad.
1711 5517 1762 5590 18,
1778 5526 1845 5585 114,

1060 5615 1119 5670 vol.
1135 5612 1166 5686 6,
1179 5632 1209 5687 p.
1223 5613 1279 5688 392
1289 5610 1310 5688 l,
1322 5609 1367 5666 καὶ
1378 5607 1425 5666 σὺν
1435 5609 1521 5687 πολλῇ
1533 5605 1649 5688 φροντίδι
1661 5603 1777 5683 ἤγαγεν,
1786 5605 1844 5663 bau

1061 5697 1123 5756 ποτὲ
1145 5696 1274 5756 ἐδούλετο.
1301 5699 1358 5755 ἀνθ’
1381 5686 1418 5753 ὧν
1438 5700 1455 5766 ἡ
1477 5694 1532 5761 διὸς
1560 5693 1657 5753 ἔδωκεν
1681 5691 1848 5771 ἀλάόαστρον

1063 5787 1144 5864 αὐτῷ,
1159 5782 1203 5841 καί
1218 5774 1288 5863 εἶχεν
1310 5782 1377 5854 αὐτὴ
1400 5784 1532 5860 (fortasse
1550 5782 1705 5859 legendum
1718 5794 1763 5839 etl
1777 5779 1850 5845 αὐτὸς

1063 5877 1106 5931 vel
1120 5871 1183 5930 αὐτό
1201 5893 1207 5927 :
1221 5892 1249 5931 v.
1262 5873 1428 5930 Selmeideri
1445 5876 1515 5931 Lex.
1527 5872 1558 5931 h.
1572 5871 1619 5945 v.)
1633 5865 1729 5949 μύρον,
1742 5858 1848 5949 §ypid-

1064 5984 1137 6037 μενος
1149 5963 1163 6017 δ
1176 5964 1215 6022 Φ.
1228 5957 1330 6035 ἐγένετο
1348 5959 1491 6039 ἀνθρώπων
1507 5956 1654 6024 κάλλιστος·
1669 5957 1717 6016 καὶ
1727 5955 1801 6035 ἤρων
1820 5976 1847 6032 γι

1442 6163 1469 6212 t.

1066 6248 1099 6299 lit
1110 6245 1178 6300 aden
1194 6245 1304 6301 lanosus
1320 6247 1402 6301 evasit
1416 6243 1600 6317 Hyperbolus,

1066 6341 1095 6389 ut
1108 6333 1309 6389 sordidissimus
1318 6335 1361 6389 sit.
