4084 8009
261 1567 317 1619 410

307 1688 469 1771 Βυζάντιόν
483 1718 517 1757 τε
530 1693 664 1782 τέμαχος
675 1686 945 1784 ἐπιίακχευσοίτω,

307 1790 481 1887 Γαδειρικόν
496 1798 521 1862 θ’
538 1796 738 1888 ὑπογάστριον
754 1796 930 1886 παρεισίτω.

257 1926 302 1983 καί
317 1924 448 2004 προελθὼν

307 2033 383 2103 hhh’
400 2038 548 2130 ἐπριάμην
563 2044 634 2128 παρ’
650 2030 774 2129 ἀνδρὸς,
792 2035 815 2102 ὦ
830 2031 870 2111 Γῆ
890 2040 943 2104 καὶ
964 2037 1041 2122 θεοὶ,

305 2147 516 2235 ταριχοπώλου
531 2144 609 2209 πάνυ
625 2150 720 2208 καλοῦ
735 2168 770 2207 τε
783 2143 917 2235 κάγαθοῦ

259 2247 279 2313 5
307 2250 413 2313 τιλτὸν
429 2251 584 2340 μέγιστον,
600 2242 681 2324 ἄξιον
695 2241 836 2340 δραχμῆς
845 2298 854 2332 ,
871 2242 955 2313 δυοῖν

306 2349 442 2439 deotolt,
461 2357 522 2446 ὅγ’
540 2358 595 2420 οὐκ
607 2350 642 2419 ἂν
659 2354 874 2446 καταροίγοιειν
887 2359 1005 2446 ἡμερῶν

306 2452 364 2532 ἤδη
382 2469 470 2550 τριῶν
486 2456 691 2536 κατεσθίοντες
706 2452 842 2525 δώδεκα·

307 2566 499 2658 ὑπερμέγεθες
513 2563 572 2657 γοίρ
587 2567 663 2630 ἐστι.

258 2736 268 2758 κ
286 2713 374 2765 Versu
388 2729 398 2763 1
414 2729 442 2764 τε
452 2708 563 2765 addidit
574 2709 731 2784 Schweigb.
743 2712 941 2783 Byzantiorum
957 2712 1042 2768 salsa-

258 2808 421 2853 mentorum
439 2796 571 2870 frequens
581 2799 736 2867 memoria;
750 2801 843 2855 rarior
855 2800 1039 2866 Gadicorum,

215 2924 218 2927 -
257 2886 293 2940 de
309 2885 412 2958 quibus
422 2883 458 2939 ad
472 2882 578 2959 Eupol.
592 2885 702 2961 Μαρικᾷ
717 2886 764 2956 23,
777 2898 806 2942 et
824 2889 940 2962 Antiph.
962 2890 1043 2943 Deu-

256 2973 310 3028 cal.
332 2992 358 3029 1.
374 2975 408 3029 V.
427 2970 443 3027 5
458 2971 545 3027 codd.
561 2972 656 3047 plnres
669 2973 775 3033 τιλιτον.
792 2974 926 3049 Hesych.,
946 2974 1043 3033 Τιλτον

256 3058 328 3134 (sic)
348 3078 354 3113 τ
371 3045 436 3122 είδος
449 3056 577 3136 ταριχίου.
590 3059 646 3115 Sed
660 3079 753 3134 neque
766 3064 796 3117 in
808 3063 869 3117 aliis
883 3061 1043 3116 verbalibus

255 3144 495 3204 substantivorum
513 3149 572 3206 vim
592 3148 794 3204 assumentibus
805 3158 929 3203 mutatur
940 3165 1042 3204 accen-

257 3247 319 3311 tus,
332 3256 359 3294 v.
373 3257 399 3291 c.
418 3238 449 3291 in
462 3234 588 3314 ρρυκταί,
604 3233 706 3313 ἑψητοί.
723 3238 757 3302 V,
771 3236 878 3293 b'reete
895 3237 1013 3294 Casaub.
1029 3230 1044 3290 d

255 3321 281 3398 γ’
294 3343 349 3397 pro
364 3323 426 3382 dv.»
441 3327 466 3379 Ε
485 3327 529 3382 Μ.
544 3328 579 3383 V.
599 3320 698 3397 ρῆδη,
714 3328 896 3393 etiam,vel‚
913 3342 1040 3399 german.

256 3433 318 3486 gar,
329 3432 426 3487 sogor:
440 3433 468 3467 v.
480 3431 545 3468 ann.
555 3412 593 3468 ad
603 3416 653 3469 Ar.
665 3414 717 3468 dv.
725 3417 792 3485 499.
803 3414 882 3469 Libri
891 3413 967 3488 τριῶν
976 3409 1040 3480 ἤδη.

258 3505 321 3557 lloc
337 3502 431 3557 delent
449 3503 570 3557 Porson.
592 3511 621 3559 et
634 3500 742 3569 Dobr.,
766 3501 796 3554 in
817 3499 874 3557 fine
891 3500 1044 3556 scribentes

256 3587 330 3644 οὐδὲ
345 3584 456 3647 δῶδικα.
474 3590 516 3642 lix
532 3587 600 3643 cod.
619 3590 687 3643 Ven.
702 3587 819 3643 affertur
830 3583 973 3662 δεδωκάγε.
984 3586 1042 3643 Ve-

141 3724 145 3730 .
256 3677 373 3733 risimile
388 3686 440 3744 est,
456 3675 536 3749 quod
548 3678 638 3732 visum
654 3675 826 3746 editoribus,
839 3675 937 3731 similis
953 3694 1044 3750 argn-

256 3767 343 3821 menti
359 3776 388 3821 et
402 3765 501 3821 iisdem
516 3766 656 3821 tributum
669 3764 768 3839 fragm.
787 3764 803 3820 3
817 3763 854 3820 ad
869 3763 987 3820 eandem
1000 3765 1042 3821 fa-

256 3854 368 3923 hulam,
386 3852 467 3925 cnjus
483 3872 589 3909 nomen
603 3852 677 3909 forte
691 3852 844 3922 exciderit,
861 3850 1043 3908 referendum

256 3961 326 3998 esse.

636 4053 663 4109 3.

296 4176 376 4236 Idem
390 4197 419 4249 a,
434 4198 464 4253 p.
483 4176 572 4248 65,1)
588 4197 595 4233 :
614 4176 735 4256 Κόψιχαι.
754 4174 848 4245 Νικ.ἢ
866 4174 1038 4255 Φιλίταιρος,

303 4332 352 4341 -
366 4317 397 4356 α.
414 4291 456 4358 Τί
471 4287 520 4357 οὖν
535 4287 691 4383 ἅγοράζω;
708 4285 800 4382 ρροίζε
814 4290 886 4382 γοίρ.

306 4400 409 4486 β.Μή
432 4405 626 4483 πολυτελῶς,
647 4395 731 4464 ἀλλὰ
754 4394 930 4487 καθαρείως·
947 4389 1042 4461 δασύ·
1092 4438 1099 4457 ‚

937 4496 1039 4585 ποθα,

304 4614 353 4678 ἐὰν
369 4615 549 4703 περιτύχῃς,
566 4612 728 4703 ἀγόρασον,
740 4608 794 4676 καὶ
812 4607 938 4693 νηττία,

304 4719 399 4783 ὁπόσα
414 4720 448 4782 σὺ
465 4722 582 4801 βούλει,
605 4717 655 4783 καὶ
669 4715 798 4805 κίχλας,
816 4714 868 4781 καὶ
883 4713 1039 4804 κοψίχους,

259 4820 277 4888 5
304 4824 452 4914 ὀρνιθάριοί
470 4851 504 4889 τε
517 4835 579 4889 τῶν
591 4821 703 4913 αἰγρίων
717 4825 832 4887 τούτων
847 4820 958 4910 συχνοί·

190 5013 193 5023 Ι
305 4926 408 5018 χάριεν
427 4926 498 5019 γοίρ.

257 5070 344 5124 Versu
355 5087 370 5120 a
384 5064 525 5141 καθαρείως
536 5067 619 5119 etiam
635 5066 843 5124 linbnlnsTtth.
861 5085 885 5133 1,
898 5077 926 5119 et
936 5066 1040 5138 Ephip-

257 5175 308 5240 pus
317 5150 432 5226 Ὁμοίων
449 5173 474 5210 1.
489 5179 500 5202 ι
516 5153 566 5208 His
577 5153 648 5208 locis
660 5150 802 5230 καθαρείως
817 5152 875 5207 fere
890 5153 1038 5206 munditiei

546 5324 747 5377 ANTlLlllS.

637 5413 662 5463 f.

257 5500 418 5573 Byzantium
430 5498 624 5554 salsamentum
637 5498 716 5553 simul
732 5496 886 5561 bacchetur,

256 5596 282 5642 et
295 5587 460 5644 Gaditanum
469 5584 605 5640 abdomen
616 5601 670 5640 nna
683 5585 808 5640 introeat.

636 5678 662 5725 2.

291 5768 327 5816 ht
339 5762 391 5815 emi
407 5760 489 5815 aviro
500 5757 716 5821 salsamentario,
731 5759 898 5828 per'ferrani
916 5763 942 5810 et
957 5753 1039 5817 deos,

292 5849 452 5920 probissimo
466 5847 709 5916 honestissimoque

255 5944 271 5991 5
289 5936 498 6006 desquatnatnm
514 5932 632 5988 frustum
646 5932 812 5993 maximnm,
827 5929 958 5983 drachma
973 5945 1038 5983 ven·

291 6024 400 6080 duobus
413 6022 509 6087 obolis,
524 6021 597 6093 quod
610 6021 648 6075 vel
663 6020 754 6075 triduo
897 6016 1039 6085 [dendmn,

290 6127 348 6165 non
360 6109 530 6165 comederint
541 6107 683 6162 duodecim
698 6107 821 6160 homines
838 6124 842 6157 :

291 6197 447 6270 praegrande
461 6199 533 6252 enim
549 6206 597 6252 est.

637 6290 661 6336 3.
695 6283 698 6289 .

291 6406 325 6416 -—
337 6391 360 6431 a.
375 6375 445 6447 Qnirl
459 6375 539 6445 igitur
554 6375 661 6428 emam?
674 6369 729 6436 dir,
743 6383 846 6440 precor.

770 1556 907 1618 MEDIAE
927 1557 1137 1621 COMOEDlAE
1159 1562 1364 1636 RELlQUlAE.

1091 1715 1155 1750 cum
1167 1694 1327 1772 frugalitate
1339 1698 1498 1772 conjunctae
1507 1704 1652 1760 notionem
1662 1705 1756 1767 habet.
1770 1705 1886 1766 Strabo

1093 1783 1430 1865 3,ρ.154,(ἶτκαθαρίως
1443 1786 1489 1844 καί
1500 1789 1587 1855 λιτῶς.
1598 1818 1610 1841 υ
1624 1794 1702 1850 EM.
1713 1794 1773 1853 V.6
1788 1799 1885 1873 vulgo

1090 1871 1201 1949 χαίρειν.
1226 1875 1363 1950 Stephani
1382 1877 1472 1931 codex
1488 1874 1590 1955 χαίρειν
1603 1877 1664 1956 γάρ.
1687 1882 1810 1939 casaub.
1828 1906 1891 1961 χα-.

1091 1958 1142 2035 ρίεν
1159 1960 1219 2038 γοίρ.
1234 1962 1323 2021 Dind.
1336 1960 1426 2040 χάριεν
1439 1986 1466 2041 γ.

1467 2074 1482 2132 ί

1080 2177 1087 2188 ·
1128 2159 1208 2214 ldem
1227 2158 1306 2233 3,p.
1334 2160 1401 2230 ιοθ,
1419 2161 1462 2220 C:
1485 2159 1574 2231 ἤσθιον
1600 2164 1691 2223 δὲκαὶ
1714 2166 1884 2245 τηγανιστθς

1090 2244 1195 2315 σηπίας.
1209 2247 1272 2305 Νικ.
1288 2244 1306 2317 ἢ
1320 2246 1479 2327 Φιλίταιρος
1494 2249 1521 2307 ἐν
1534 2249 1601 2313 Ἀντ.
1617 2253 1695 2331 φησὶν

1138 2364 1266 2437 Μνίποτ’
1289 2362 1369 2441 αὖθις
1386 2366 1499 2438 σηπίαν
1513 2367 1573 2435 ἀπὸ
1589 2368 1720 2464 τηγοίνου

1138 2472 1330 2561 τολμήσαιμι
1344 2479 1448 2562 φαγεῖν
1465 2468 1569 2563 μόνοςί

1090 2597 1170 2650 Prior
1184 2595 1288 2651 horum
1307 2615 1438 2652 versuum
1454 2610 1566 2655 constat
1583 2619 1599 2657 e
1618 2603 1707 2659 trocb.
1722 2604 1794 2662 dim.
1818 2618 1879 2661 eat.

1089 2693 1115 2738 et
1129 2695 1290 2758 anapaesto,
1307 2686 1353 2740 cui
1371 2686 1476 2743 similes
1491 2700 1665 2762 asyuartetos
1677 2694 1781 2765 passim
1794 2696 1879 2750 inve·

1088 2772 1149 2827 nias
1161 2771 1240 2845 apud
1252 2782 1350 2846 poetas
1364 2775 1501 2831 scenicos.
1514 2779 1632 2851 Legitur
1642 2790 1737 2835 antem
1751 2781 1780 2834 iu
1793 2780 1880 2837 libris

1088 2856 1202 2928 Oinor',
1228 2860 1470 2933 quemadmodum
1494 2860 1533 2937 μὴ
1551 2875 1580 2920 et
1594 2865 1623 2921 οὗ
1642 2885 1716 2942 saepe
1736 2868 1879 2926 confundi

1088 2948 1175 3004 docet
1188 2947 1320 3007 Schaefer.
1334 2948 1453 3009 Miscell.
1466 2953 1531 3011 crit.
1550 2971 1582 3027 p.
1602 2953 1668 3014 108.
1683 2956 1806 3012 treinel.
1824 2958 1879 3017 (Ni.-

1089 3030 1174 3091 δίποτ’
1190 3023 1261 3102 αὖθις
1272 3033 1304 3093 ἂν
1318 3059 1344 3097 a.
1357 3042 1446 3096 Versu
1461 3058 1478 3095 a
1495 3036 1586 3115 μόνος,
1597 3046 1671 3099 solas
1682 3046 1712 3099 in
1724 3046 1819 3103 eulina
1830 3066 1877 3103 re·

1088 3124 1172 3179 lictus
1183 3143 1299 3196 servus,
1313 3130 1427 3186 nemine
1443 3131 1619 3189 observante.

1259 3255 1312 3315 tv.
1336 3257 1693 3325 anunttnonttnoa.

1132 3406 1144 3429 ι
1162 3383 1312 3440 Nicostrati
1328 3385 1487 3441 fabularum
1499 3388 1596 3444 titulos
1609 3431 1618 3464 ,
1630 3400 1733 3463 praeter
1748 3392 1876 3464 antyttt,

1089 3470 1283 3545 OEnopionis‚
1314 3469 1504 3549 Ὀρνιθεντοῦ,
1536 3475 1710 3552 Πανδρόσου,
1733 3478 1789 3533 boe
1822 3500 1876 3534 or-

1089 3557 1155 3613 dine
1169 3570 1316 3614 enumerat
1326 3560 1426 3616 Suidas
1442 3572 1472 3617 et
1483 3580 1518 3619 ex
1528 3563 1616 3619 Suida
1627 3565 1753 3621 Endocia
1769 3586 1775 3619 :
1790 3562 1876 3643 Ἱαρσ·

1088 3643 1201 3724 ροίντητ,
1216 3643 1313 3716 Kirna
1332 3644 1425 3725 (recte
1438 3649 1504 3707 Ath.
1524 3648 1646 3726 Κλίνη),
1661 3648 1764 3731 Ἅῶρα,
1778 3650 1876 3712 Ἡσίο-

1088 3732 1146 3803 δος,
1157 3732 1301 3805 buddelar,
1312 3732 1476 3811 Ἄντερῶσα,
1489 3734 1591 3808 Ἑκάτη
1598 3780 1607 3808 ,
1620 3737 1767 3817 Μάχειρος,
1778 3730 1875 3811 Ὧτις,

1090 3821 1223 3892 Πλοῦτος,
1240 3819 1339 3899 Σύρος,
1354 3819 1592 3902 Ἀπελαυνόμινος,
1608 3827 1873 3905 Ψιυδοστιγματίας.

1089 3906 1175 3987 Σύρον
1186 3921 1215 3965 et
1229 3906 1448 3986 Ἀπελαυνόμενον
1466 3912 1594 3971 Endocia
1611 3916 1650 3972 ad
1668 3918 1751 3987 unius
1769 3919 1876 3978 fabulae

1088 4000 1202 4054 titulum
1216 3997 1367 4071 conjunxit
1381 3997 1464 4077 Σύρος
1479 4001 1571 4073 dash,
1590 4003 1642 4058 sed
1659 4004 1776 4063 diversis
1789 4019 1875 4063 utra-

1088 4105 1143 4160 qne
1157 4088 1227 4143 locis
1239 4101 1478 4144 commemoratur
1489 4091 1526 4145 ab
1540 4091 1687 4153 athenaeo.
1702 4118 1714 4142 ι
1731 4095 1757 4148 E
1765 4096 1808 4150 M.

1128 4175 1231 4233 Athen.
1245 4184 1297 4249 ιη,
1312 4195 1340 4250 p.
1353 4177 1423 4244 664,
1436 4177 1474 4246 Β,
1487 4177 1523 4233 de
1536 4177 1640 4255 ματτύη
1652 4199 1796 4255 exponens
1810 4202 1818 4237 ι
1832 4182 1875 4239 ὅτι

1088 4260 1235 4320 δίῦστατον
1250 4262 1295 4320 καί
1309 4260 1352 4319 ἐπὶ
1364 4270 1444 4319 πᾶσιν
1455 4263 1603 4343 είσερέρττο
1612 4265 1687 4345 [scil.
1702 4270 1719 4338 ἡ
1731 4266 1875 4347 ματτύη),

1088 4348 1267 4428 Νικόστρατός
1295 4372 1373 4428 φησιν
1401 4352 1428 4408 ἐν
1452 4350 1677 4433 Ἀπελαυνομένῳ.
1702 4354 1825 4435 μοίγειρος
1851 4360 1875 4415 δ’

1088 4436 1156 4494 εστὶν
1175 4441 1189 4493 ὁ
1204 4436 1385 4513 διηγούμενος,
1400 4440 1435 4503 ῶς
1448 4438 1571 4519 λαμπρὸν
1588 4441 1634 4499 καί
1648 4440 1771 4501 εὔτακτον
1789 4468 1874 4525 παρε-

1088 4525 1211 4582 σκεύασεν
1238 4526 1362 4603 εὐωχίαν,
1389 4526 1632 4606 προδιηγησάμενός
1653 4554 1696 4599 τε,
1717 4522 1769 4589 οἷον
1790 4523 1822 4603 η”ν
1845 4535 1877 4593 τὸ

1088 4611 1190 4690 ἄριστον
1203 4614 1248 4671 καί
1262 4614 1292 4672 τὸ
1307 4615 1420 4682 δεῖπνον,
1438 4616 1483 4672 καὶ
1500 4615 1588 4694 τρίτης
1609 4619 1730 4691 μνησθεὶς
1752 4623 1876 4698 παραθέ-

1087 4724 1150 4767 σεως
1164 4701 1279 4781 ἐτιρίρει

1135 4812 1175 4881 Εὖ
1189 4813 1225 4908 γ’,
1240 4810 1366 4907 ὦνδρες,
1384 4815 1415 4881 εὖ
1425 4809 1546 4907 σφόδρ’ί.
1567 4818 1649 4885 ἀλλὰ
1666 4826 1723 4910 μὴν
1738 4832 1776 4914 τῇ
1793 4850 1875 4912 ματ-

1813 4956 1873 5003 aun

1133 5032 1211 5091 οὕτω
1228 5020 1361 5100 διαθήσει
1376 5027 1416 5093 τὰ
1432 5028 1510 5118 μετὰ
1526 5023 1620 5115 ταῦθ’,
1633 5029 1705 5097 ὥστ’
1722 5033 1822 5124 οἴομαι

1133 5127 1196 5200 οὐδ’
1214 5138 1303 5201 αὑτὸν
1318 5141 1392 5225 ἡμῖν
1407 5146 1512 5202 τοῦτον
1529 5138 1660 5230 ἀντερεῖν
1674 5142 1731 5207 ἔτι.

1125 5320 1152 5375 ἱ).
1169 5321 1241 5376 Nihil
1255 5330 1428 5390 sumptuose,
1441 5322 1485 5376 sed
1498 5321 1653 5393 frugaliter:
1670 5323 1788 5395 leporem
1800 5368 1807 5387 ,

1123 5410 1144 5463 si
1158 5408 1272 5473 incidis,
1286 5410 1387 5475 emito,
1401 5417 1428 5463 et
1439 5409 1589 5466 anaticulas

1124 5505 1191 5566 quot
1206 5502 1236 5550 tn
1250 5496 1305 5558 vis,
1318 5504 1346 5550 et
1357 5497 1467 5559 turdos.
1480 5507 1506 5553 et
1520 5500 1653 5565 merulam

1088 5591 1104 5638 ὁ
1124 5583 1274 5654 harumque
1290 5583 1412 5639 feramm
1424 5585 1592 5641 avicularum
1609 5587 1755 5658 plurimas:

1122 5678 1196 5739 grata
1209 5670 1282 5723 enim
1297 5685 1341 5725 res
1351 5678 1401 5725 est.

1468 5766 1493 5813 d.

1087 5849 1127 5902 Ne
1143 5859 1259 5914 unquam
1273 5846 1371 5899 iterum
1384 5846 1485 5915 sepiam
1497 5864 1512 5901 e
1526 5850 1615 5903 catino

1087 5934 1228 5987 comedere
1245 5929 1361 5986 audeam
1377 5932 1467 5987 solus!

1395 6021 1569 6076 antenus,

1088 6108 1174 6169 Bene,
1191 6103 1238 6156 nri
1250 6144 1257 6169 ‚
1271 6103 1403 6174 perbene!
1421 6105 1521 6171 immo,
1534 6121 1596 6177 qna
1610 6116 1737 6181 mattyam
1753 6125 1872 6182 sequnn-

1799 6199 1871 6268 [tun

1087 6284 1122 6335 ita
1134 6279 1292 6352 disponam,
1305 6287 1383 6335 utne
1395 6279 1469 6336 hune
1483 6282 1572 6351 ipsnm
1583 6283 1692 6352 uiridem

1060 6373 1063 6410 Ι
1087 6366 1164 6423 nohis
1175 6366 1367 6423 oblocntnrnm
1380 6382 1437 6421 esse
1447 6377 1548 6439 putem.
