4084 8009
290 1529 346 1579 tto

553 1647 601 1707 Cl.
626 1642 802 1705 ΝΕΟΤΤΙΣ,

327 1804 340 1831 ι
355 1778 507 1835 Meretricis
523 1796 644 1852 nomen,
657 1794 717 1850 quo
730 1775 815 1832 etiam
831 1774 962 1830 Anaxilas
975 1784 1003 1829 ct
1018 1769 1072 1831 Eu·

284 1869 368 1923 bulas
381 1866 490 1945 fabulas
503 1866 714 1940 inscripserunt.
729 1862 815 1938 Apud
834 1862 938 1920 Athen.
955 1859 1005 1937 (fr.
1024 1860 1073 1937 a.)

284 1955 461 2029 Antiphanes
474 1953 607 2010 Neottide
628 1953 846 2010 Demosthenem
863 1950 937 2006 ridet
954 1961 1074 2025 propter

274 2043 377 2097 'lusum
388 2041 543 2097 verborum
560 2037 649 2096 δοῦναι
666 2048 696 2095 et
709 2036 869 2107 ἀποδοῦναι,
884 2055 918 2091 εκ
932 2056 991 2110 quo
1003 2056 1074 2092 corr·

281 2130 370 2203 jicere
384 2130 467 2200 licet,
487 2128 622 2202 scriptam
642 2144 700 2182 esse
719 2125 844 2180 fabulam
865 2125 941 2179 cirea
962 2124 1072 2198 olymp.

290 2236 391 2291 109,a
407 2216 488 2292 (ante
501 2217 570 2274 Chr.
592 2223 650 2270 nat.
677 2212 761 2287 342).
787 2212 829 2269 Cf.
850 2212 973 2268 Clintoni
997 2214 1071 2269 Fast.

286 2306 392 2362 llellcn.
408 2324 437 2380 p.
453 2302 507 2360 153
522 2304 571 2361 ttr.
589 2323 604 2358 ι)
622 2304 647 2358 Ε
662 2302 707 2359 Μ.

667 2433 693 2470 ι.

325 2540 426 2596 Athen.
443 2539 471 2607 3,
484 2557 514 2613 p.
529 2536 597 2607 108,
611 2536 635 2595 E
650 2554 657 2594 :
672 2533 705 2592 τά
718 2535 747 2592 ἐκ
761 2533 897 2598 Νεοττίδος
909 2531 1073 2613 Ἀντιφάνους

284 2626 347 2683 τοδε
356 2679 363 2695 ,

330 2741 459 2809 Παίσων
474 2735 542 2833 μετ’
558 2730 692 2832 ἀδελφῆς
704 2736 744 2816 εἰς
761 2731 874 2815 Ᾰθιίνας
895 2727 999 2803 ἐνθάθε

333 2847 499 2940 ἀφικόμην,
516 2844 618 2940 ἀχθεὶς
632 2844 691 2911 ὑπό
705 2869 785 2921 τινος
799 2842 949 2937 ἐμπόρου,
1067 2846 1069 2849 ’

333 2955 419 3045 Σύρος
431 2954 468 3020 τὸ
480 2953 564 3046 γένος
579 2952 639 3015 ὤν·
661 2951 830 3042 περιτυχὼν
844 2939 877 3014 δ’
892 2952 966 3039 ἡμῖν
983 2937 1032 3012 ddi

332 3060 561 3152 κηρυττομένοις
575 3050 779 3132 ὀθολοστάτης
793 3049 809 3084 ‘⁸
823 3052 864 3118 ὢν
880 3056 1024 3145 ἐπρίατο,

288 3161 306 3229 5
333 3162 483 3257 ἀνθρωπος
500 3156 722 3256 ἀνυπόρόλητος
740 3160 782 3237 είς
792 3158 947 3253 πονηρίαν,

331 3280 485 3353 τοιοῦτος,
504 3266 566 3345 οἷος
584 3259 680 3359 μηθὲν
696 3266 800 3343 eice-hv
814 3265 913 3331 οἰκίαν

333 3368 407 3466 μηδ’
425 3374 466 3441 ὧν
482 3381 499 3441 ό
515 3374 689 3468 Πυθαγόρας
704 3376 812 3450 ἐκεῖνος
827 3372 941 3453 ἤσθιεν,

331 3481 613 3575 ὑτρισμακαρίιης,
631 3480 775 3574 εἰσφέρειν
786 3477 836 3562 ἔξ·
862 3477 965 3570 θύμου.

286 3628 374 3682 Versu
393 3646 403 3683 ι
422 3644 571 3701 perperam
591 3624 657 3681 libri
673 3625 742 3689 Παῖς
760 3620 814 3695 ὧν,
831 3642 920 3697 quum
938 3630 1073 3695 sequatur

285 3714 367 3789 Σύρος
378 3748 393 3757 -
401 3711 446 3770 ὧν.
466 3716 571 3789 Scripsi
584 3711 704 3781 Παίοσιν,
717 3715 871 3769 saltatums
885 3731 893 3767 ι
906 3730 937 3770 ν.
950 3710 1070 3766 Schnei-

283 3803 343 3858 ‹lcri
358 3804 428 3863 Lex.
437 3823 465 3858 v.
479 3800 595 3869 Παίζειν.
611 3803 690 3859 llere
700 3803 837 3875 Syrorum
851 3810 879 3856 et
890 3800 1070 3868 Asianorum,

282 3893 412 3946 saltatum
426 3910 492 3947 eum
505 3909 604 3948 sorore
625 3891 655 3945 in
668 3890 785 3946 theatris
802 3888 926 3945 Athenas
940 3887 1071 3956 venitis,

282 3979 331 4049 qni
342 3978 403 4033 haec
422 3980 571 4054 loquitur,
584 3977 635 4034 sed
647 3978 687 4032 ibi
700 3975 833 4034 venditos
847 3987 889 4032 est
909 3993 997 4032 avaro
1007 3975 1071 4030 cui·

282 4064 346 4119 dnm
375 4065 511 4121 imitatori
534 4064 787 4139 Pythagoreorum.
811 4066 845 4121 V·
867 4062 966 4129 Alibri
985 4063 1071 4118 etiem

280 4151 327 4204 hic
341 4147 388 4209 ὤν.
403 4148 504 4207 Scribo
519 4139 585 4208 οὖν.
597 4155 705 4209 Vocem
718 4147 893 4217 θόολοστάτης
902 4168 938 4215 εκ
950 4150 1072 4205 Cornicis

281 4239 364 4295 aliert
377 4240 492 4295 Photius
503 4258 533 4314 p.
549 4238 620 4312 ἀτη,
636 4238 684 4307 ιθ,
705 4256 765 4296 see.
784 4239 930 4311 Harpocr,
950 4254 981 4310 p.
1005 4235 1070 4305 rte,

285 4334 332 4392 rh.
344 4330 379 4385 V.
395 4347 411 4398 7
424 4328 519 4382 malim
533 4324 595 4401 μηδ’
609 4314 647 4382 ὧν
656 4346 691 4402 γι
705 4325 788 4398 11υθ.,
801 4334 921 4400 propter
932 4324 1070 4401 ίτρισμα-

282 4412 387 4489 κκρίτης
396 4434 480 4471 versu
488 4414 517 4486 8,,
524 4414 573 4471 ubi
583 4410 805 4491 τρισμακάριστος
814 4414 856 4468 vel
867 4410 1071 4490 τρισμακάριτος

282 4502 385 4577 legitur
398 4504 427 4558 in
443 4497 591 4559 codicibus
608 4501 687 4577 apud
700 4501 908 4559 casaubonum.

661 4651 689 4692 2.

322 4759 399 4816 ldcm
415 4780 442 4830 7,
455 4779 486 4833 p.
499 4759 556 4814 223
567 4800 576 4827 ,
589 4761 611 4815 li
625 4780 631 4813 ι
645 4755 831 4833 Δημοσθένης,
844 4755 984 4818 Φιλίππου
995 4755 1068 4828 Ἀθη·

279 4844 360 4910 ναίοις
374 4843 526 4915 Ἁλόννησον
534 4844 659 4918 διδόντος,
671 4843 841 4904 συνιόούλευι
855 4844 893 4922 μὴ
907 4843 1069 4918 lapidetis,

282 4934 303 4987 εί
319 4931 433 5003 δίδωσιν,
448 4929 516 4988 ἀλλά
526 4928 565 5006 μὴ
578 4931 748 5006 ἀποδίδωσιν,
756 4929 820 5012 ὅπερ
831 4932 901 4994 ’Arm
912 4934 938 4991 ίν
950 4932 1069 4994 Νεοττίδι

280 5017 385 5075 παιθιάν
396 5015 503 5085 θίιιενος
516 5019 649 5099 ἔρεσχελεῑ
663 5020 737 5078 τόνδε
750 5019 794 5079 τὸν
802 5018 909 5097 τρόπον·

326 5190 355 5231 α.
371 5158 397 5228 ί)
415 5156 565 5242 δεσπότης
582 5158 617 5231 θὲ
631 5165 779 5233 πάντοιτοι
795 5163 875 5257 παρὰ
889 5175 941 5231 τοῦ
955 5166 1070 5258 πατρὸς

256 5277 257 5280 ’
327 5264 491 5353 ἀπέλαόεν,
508 5274 606 5361 ὥσπερ
621 5266 737 5337 ἔλαθεν.
755 5266 943 5365 β.11γάπησέ
958 5266 988 5365 γ’
1004 5267 1041 5336 ἀν

323 5378 356 5442 τό
375 5382 454 5468 ῥῆμα
468 5387 557 5444 τοῦτο
571 5371 773 5470 anputatae*
790 5378 988 5470 Δημοσθένης.

590 5562 751 5617 ΝΕΟΤΤΙ8.
768 5553 772 5560 ’

660 5655 685 5703 1.

312 5734 466 5787 saltaturus
479 5746 534 5787 una
547 5748 611 5789 cum
625 5748 719 5791 sorore
733 5726 788 5790 hu'e
804 5733 922 5791 Athenas

313 5820 389 5885 veni,
404 5818 539 5874 adductus
555 5834 570 5874 a
586 5818 704 5890 quodam
718 5829 886 5886 mercatore,

311 5907 395 5976 Syrus
404 5918 520 5978 genere,
534 5921 585 5961 nos
598 5915 689 5963 eutem
698 5906 843 5965 offendens
855 5923 903 5980 per
912 5922 1065 5981 praeconem

313 5990 468 6048 vendendos
481 5989 595 6064 proinde
605 5993 671 6048 emit
685 5992 731 6049 hic
744 5993 903 6056 ioenerator,

277 6083 293 6130 5
314 6074 395 6131 homo
409 6093 463 6130 uon
477 6079 680 6149 exsuperantius
694 6081 749 6136 vita
765 6080 910 6137 miserabili
922 6123 930 6148 ,

312 6166 360 6234 qui
374 6164 443 6219 nihil
460 6163 573 6221 domum
585 6165 654 6222 ierat

311 6265 344 6303 ue
359 6248 466 6326 illorum
477 6249 585 6319 quidem
597 6293 603 6315 ,
617 6268 680 6322 qum
690 6253 785 6309 edebat
800 6252 965 6323 Pythagoras
976 6254 1021 6310 ille

313 6344 352 6388 ter
366 6344 458 6390 ocutus
470 6376 478 6401 ,
491 6346 587 6407 prectcr
600 6337 733 6409 thymum.

797 1500 934 1573 Mdutm
955 1440 1160 1572 cotttltuth
1184 1507 1389 1583 tttttQutAE.

1122 1647 1237 1700 versun
1256 1644 1295 1698 sic
1314 1643 1405 1699 Dobr.
1426 1642 1462 1698 od
1482 1642 1625 1717 Aristoph.
1646 1642 1720 1700 uno.
1741 1641 1832 1713 1382,
1855 1662 1909 1719 pro

1122 1737 1331 1817 Ἠγάπησενᾶν,
1358 1758 1448 1814 quum
1474 1739 1552 1813 apud
1574 1738 1652 1796 Plut.
1673 1740 1731 1797 Vit.
1755 1741 1906 1799 Demomh.

1120 1848 1185 1904 στρ.
1199 1848 1230 1905 9,
1241 1829 1293 1902 qui
1303 1830 1400 1903 etipse
1408 1828 1468 1883 haec
1481 1827 1574 1894 attere,
1591 1829 1700 1902 legatur
1708 1826 1835 1901 ἠγάπησε
1845 1827 1908 1904 γάρ.

1121 1919 1233 1975 Falsum
1241 1928 1336 1973 autem
1343 1912 1480 1990 ἠγάπησεν
1495 1912 1539 1986 ἂν,
1546 1916 1706 1991 probasset,
1715 1917 1798 1991 quasi
1805 1935 1907 1973 nonen

1121 2006 1207 2061 verbu
1227 2004 1287 2079 ipse
1306 2003 1510 2059 Demosthenes
1524 2013 1606 2057 antea
1622 2001 1682 2075 jam
1702 2004 1906 2079 usurpavisset3

1121 2093 1170 2167 qui
1182 2110 1266 2149 error
1273 2092 1387 2167 peperit
1397 2092 1518 2149 alterum
1531 2108 1616 2147 versu
1628 2089 1645 2146 3
1658 2090 1840 2165 Δημοσθένης,
1852 2111 1907 2168 pro

1121 2197 1180 2253 quo
1203 2180 1268 2255 lego
1286 2176 1532 2253 Δημοσθένους.
1548 2180 1592 2235 De
1610 2199 1628 2248 η
1644 2188 1673 2234 et
1689 2196 1720 2235 ου
1738 2176 1865 2236 confusis
1881 2198 1905 2236 ν,

1121 2261 1242 2324 indicem
1254 2266 1439 2342 Thucydidis.

1498 2376 1516 2434 3

1161 2490 1240 2548 ldem
1257 2491 1307 2559 ιθ,
1327 2511 1356 2567 p.
1374 2490 1449 2562 586,
1464 2494 1504 2560 A,
1521 2489 1694 2565 desinopee
1710 2487 1907 2565 psnpewini'

1120 2576 1281 2724 ρῇροῖρρὲ
1293 2580 1325 2658 ,ἀν
1336 2576 1441 2656 Ἀρκάδι
1452 2576 1498 2636 καὶ
1510 2578 1538 2636 ἰν
1552 2578 1697 2655 Κηπουρῷ,
1710 2577 1737 2634 ἀν
1750 2576 1905 2657 Ἀκεστρίρ,

1372 2797 1435 2859 Cli.
1456 2797 1641 2858 0111111οΣ.

1159 2968 1171 2992 ι
1185 2946 1248 2999 1Ιοο
1262 2927 1316 2998 riri
1330 2961 1434 2999 nomen
1449 2942 1546 3012 fuisse,
1560 2959 1577 2999 e
1591 2941 1707 2997 Stobaeo
1718 2941 1816 2999 Floril.
1834 2959 1905 3010 ree,

1124 3030 1168 3101 15,
1182 3030 1356 3105 intelligitur.
1371 3032 1420 3085 »Ε
1435 3032 1479 3088 M.

1160 3122 1259 3176 Pollux
1279 3139 1330 3189 ro,
1346 3138 1381 3176 τι
1404 3139 1410 3173 :
1430 3116 1533 3196 εἴρηται
1545 3115 1631 3174 τοίνυν
1645 3119 1674 3176 ἐν
1692 3114 1828 3193 Αίσριίλαι
1851 3116 1905 3175 Σι-

1119 3208 1192 3287 σύφῳ
1200 3208 1230 3257 ν’
1241 3203 1650 3285 Ἰδσῦστσθμοῦχοςίγκατήλλοιν
1660 3205 1715 3284 φῶς
1724 3205 1797 3282 ἀθρεῖ
1804 3208 1847 3284 (ν.
1855 3204 1904 3263 AE-

1118 3298 1208 3372 schyli
1222 3298 1335 3374 fragm.
1355 3317 1419 3373 qnae
1430 3295 1585 3367 edidimus,
1602 3313 1629 3370 p.
1645 3294 1702 3371 97)
1721 3291 1815 3353 »Aen
1829 3292 1857 3350 dl
1878 3293 1905 3347 ἐν

1120 3385 1243 3467 Ὀόρίμῳ
1255 3384 1334 3465 φησίν

1168 3531 1197 3570 α.
1215 3493 1257 3571 Ar
1272 3503 1378 3594 κελεόη
1399 3499 1463 3592 μ’ό
1483 3501 1718 3592 σταθμοῦχος....
1738 3501 1767 3581 β.
1789 3487 1814 3563 11
1833 3522 1905 3564 στα·

1563 3607 1693 3698 θμυῦχος
1707 3595 1738 3668 θ’
1754 3604 1819 3671 ἔστι
1834 3628 1903 3688 τις,

1167 3709 1224 3805 ἀρά
1238 3709 1269 3806 γ’
1285 3711 1459 3794 ἀποπνίξεις
1475 3738 1512 3802 με
1533 3715 1637 3784 καινὴν
1656 3708 1728 3801 πρός
1744 3733 1781 3800 με
1799 3699 1905 3775 διαλε-

1693 3839 1764 3880 κτον
1776 3820 1902 3895 leheim

1124 3956 1131 3974 ·
1167 3950 1196 3993 α.
1215 3923 1253 3991 Ei
1265 3951 1299 3993 τι
1316 3925 1424 3993 τάττοι
1439 3920 1472 4016 μ’
1486 3929 1506 3991 ό
1519 3925 1729 4017 στέγαρχος...

1119 4066 1205 4120 Versu
1222 4082 1233 4120 ι
1252 4064 1317 4120 111)τί
1328 4060 1375 4122 Ἂν
1394 4084 1421 4121 κ.
1433 4084 1466 4138 με
1480 4083 1526 4123 στ.
1538 4060 1556 4132 ἢ
1566 4082 1608 4120 στ.
1622 4058 1645 4117 δ’
1659 4059 1682 4120 ἔ.
1692 4059 1745 4132 τίς;
1761 4070 1793 4117 et
1806 4060 1864 4117 hoe
1876 4072 1905 4117 et

1119 4151 1136 4207 3
1148 4170 1231 4208 versu
1239 4172 1311 4226 opus
1320 4165 1361 4209 est
1367 4154 1499 4212 articulo.
1508 4153 1596 4211 Mein.
1608 4161 1688 4207 recte
1696 4147 1724 4218 ἢ.
1739 4148 1796 4206 Sed
1804 4146 1846 4214 τίς
1854 4150 1904 4204 mi·

1117 4260 1170 4297 nus
1180 4252 1289 4315 aptum
1306 4246 1339 4301 V.
1354 4261 1371 4297 a
1389 4243 1456 4298 libri
1471 4241 1570 4296 vitiose
1590 4235 1738 4305 ἀποπνίξεις
1751 4234 1781 4296 li
1795 4257 1829 4313 με
1841 4258 1903 4295 και·

1117 4328 1176 4397 sis,
1191 4340 1247 4387 cte.
1268 4329 1391 4387 Meinelt.
1413 4328 1529 4401 conjicit
1544 4314 1586 4401 ἀρ’
1609 4328 1760 4389 ἀποκτενεῖς
1782 4346 1834 4400 με,
1858 4326 1902 4381 vel

1118 4416 1267 4482 ἀποκνίσεις
1277 4415 1328 4494 γάρ
1338 4416 1369 4483 δή
1385 4437 1433 4491 με,
1444 4419 1472 4471 in
1485 4416 1590 4489 quibus
1602 4414 1785 4489 probandum
1796 4424 1840 4469 est
1849 4401 1901 4493 ἀρ’,

1117 4524 1176 4560 non
1191 4506 1257 4561 item
1271 4509 1437 4574 ἀποκτενεῖς,
1451 4506 1497 4560 νε1
1513 4503 1679 4572 ἀποκνίσας,
1693 4521 1782 4575 quum
1800 4503 1901 4577 vulga-

1117 4603 1175 4649 tum
1188 4591 1336 4660 ἀποπνίξεις
1346 4592 1475 4650 firmetur
1484 4594 1624 4666 scriptura
1637 4590 1743 4646 codicis
1751 4593 1900 4665 Juugcrm.

1118 4678 1282 4751 ἀπσπνήξεις.
1301 4681 1367 4754 lljus
1381 4681 1509 4737 verbine
1526 4679 1711 4755 producenda
1725 4689 1797 4734 essct
1813 4680 1902 4736 altera

1117 4773 1239 4845 syllaba,
1260 4772 1360 4847 scripsi
1383 4761 1435 4849 ἀρά
1455 4771 1493 4846 γ’.
1518 4770 1661 4826 lieltherus
1679 4769 1805 4824 tentabat
1820 4766 1901 4827 Ἀλλ’

1118 4858 1266 4925 ἀποπνίξεις
1281 4854 1647 4939 γάρμεκ.,11ετιτιεοιι.νὴ
1665 4854 1708 4914 Δί’
1723 4854 1822 4913 ἀποπν.
1835 4858 1870 4914 V.
1885 4857 1901 4910 3

1117 4950 1204 5024 vulgo
1227 4949 1250 5005 εί
1273 4947 1384 5007 τίτακτό
1410 4968 1454 5021 μοι
1475 4944 1636 5022 στιγάρχων.
1658 4942 1731 5003 cod.
1753 4944 1900 5017 lungerm.

1117 5036 1163 5108 ἥτε
1180 5035 1448 5114 τοκτοιμιστεγάρχον
1462 5029 1842 5110 (εἰσ).111ε1ιιο1πεῖτιτάττοι
1857 5053 1900 5104 μοι

1117 5125 1272 5205 στέγαρχος,
1284 5127 1334 5183 sed
1346 5146 1374 5189 v.
1387 5125 1425 5181 ad
1442 5146 1471 5183 v.
1489 5143 1499 5179 ι
1519 5121 1573 5182 hlei
1591 5124 1691 5179 elisum
1704 5131 1758 5195 est,
1772 5131 1804 5175 ut
1822 5120 1901 5193 apud

1118 5218 1262 5292 Aristoph.
1272 5222 1326 5274 Ar.
1340 5215 1378 5272 86
1388 5225 1417 5271 et
1427 5219 1511 5289 Vesp.
1521 5213 1590 5270 θοι.
1600 5213 1691 5269 Dentl.
1705 5228 1734 5269 t·
1748 5210 1823 5265 Binae
1836 5221 1901 5263 sunt

1117 5324 1243 5380 personae
1253 5346 1262 5376 ,
1273 5323 1394 5379 quarum
1404 5305 1486 5379 prior
1496 5322 1574 5358 novo
1584 5302 1724 5357 vocabulo
1732 5301 1823 5355 utitur
1834 5319 1899 5354 στοι-

1117 5390 1225 5471 θμοόχῳ
1238 5411 1295 5468 pro
1307 5389 1496 5468 οἰκοδεσπότῃ,
1511 5390 1591 5465 quod
1605 5391 1693 5446 altera
1709 5405 1740 5443 se
1756 5397 1840 5462 negat
1853 5388 1897 5440 iu-

1495 5580 1522 5629 2.

1111 5692 1137 5734 a.
1151 5678 1286 5734 Dominus
1300 5686 1394 5734 autem
1407 5678 1501 5734 omnia
1513 5677 1598 5748 patris
1610 5676 1682 5732 boun

1110 5769 1218 5837 recepit
1232 5766 1284 5833 ito,
1298 5774 1331 5825 ut
1340 5768 1423 5837 cepit.
1438 5764 1465 5820 1).
1480 5764 1635 5821 Proboverit

1112 5853 1163 5909 hoc
1177 5850 1268 5919 verbi,
1286 5861 1429 5925 acceptum
1444 5868 1460 5909 a
1476 5852 1672 5908 Demosthene.

1422 5966 1592 6022 OBthlUS.

1110 6098 1133 6137 a.
1146 6082 1174 6136 Si
1189 6079 1254 6152 quid
1267 6096 1402 6152 theogero
1413 6081 1510 6152 jubeat
1523 6081 1724 6148 σταθμοῦ-ρος...
1740 6078 1767 6130 1).
1781 6079 1825 6132 An
1839 6091 1897 6125 era-

1589 6166 1716 6233 ρθμοῦχος
1729 6161 1827 6232 aliquis
1837 6168 1875 6214 tsi
1887 6161 1899 6211 ‚³

1111 6254 1271 6310 enecabisne
1286 6268 1331 6308 me
1345 6254 1427 6324 igitur
1442 6269 1512 6309 novo
1523 6267 1648 6308 sermone
1660 6250 1790 6319 loquens?

1110 6357 1134 6397 a.
1149 6341 1176 6394 Si
1190 6338 1255 6411 quid
1267 6341 1383 6411 imperet
1397 6339 1465 6395 milri
1479 6341 1622 6409 στέγαρχος.
1632 6380 1646 6388 ,.
