4084 8009
917 1554 1095 1616 oritano.
1656 1638 1661 1646 Ι
1752 1569 1807 1619 sn

193 1697 241 1751 etsi
254 1705 298 1750 ter
311 1694 348 1750 ad
362 1702 455 1768 partes
470 1702 557 1748 vocat
568 1691 772 1765 Ophelionem;
788 1700 817 1746 et
827 1707 897 1763 quas
913 1707 979 1764 pos·
1024 1687 1104 1743 Libri
1120 1681 1235 1744 Αιύυκὸν
1252 1681 1345 1763 πέπερι
1360 1684 1479 1760 θυμίαμα
1491 1684 1536 1743 καί
1548 1684 1661 1764 βιύλίον,
1677 1708 1740 1764 quac
1754 1692 1811 1747 du·

193 1794 284 1838 tremo
299 1781 348 1837 ille
361 1780 488 1835 nominat
497 1819 506 1846 ,
521 1778 638 1833 sortasse
657 1795 711 1852 per
730 1794 872 1844 errorem,
888 1773 979 1833 Σατύ·
1024 1776 1135 1849 pliciter
1154 1774 1307 1848 depravats
1330 1786 1395 1830 sunt
1411 1793 1418 1833 :
1433 1777 1557 1849 primum
1571 1778 1739 1852 glossemate
1755 1781 1811 1834 im-

193 1889 268 1946 ρους,
285 1864 410 1935 Μούσας,
424 1877 453 1922 et
468 1862 651 1943 Μονύτροπον,
668 1863 834 1940 Phrynicho
846 1865 976 1940 assignat.
1025 1864 1124 1932 misso,
1142 1880 1235 1936 eoque
1245 1861 1315 1918 salso
1333 1883 1340 1917 z
1357 1880 1452 1936 neque
1467 1866 1543 1920 enim
1559 1858 1680 1940 θυμίαμα
1695 1864 1810 1924 Λιύυκὸν

191 1958 324 2013 Ceterum
336 1955 438 2012 mediae
449 1955 542 2029 poetis
558 1953 707 2010 comoediae
727 1954 915 2027 Ophelionem
932 1972 979 2009 ac·
1025 1947 1055 2005 h.
1071 1952 1090 2008 l.
1105 1961 1147 2006 est
1163 1952 1259 2025 piper,
1274 1950 1323 2006 sed
1337 1963 1515 2025 unguentum
1534 1952 1714 2024 Africanum,
1730 1952 1811 2031 μύρον

191 2046 287 2100 censui
304 2045 426 2100 maximo
441 2052 562 2118 propter
576 2039 703 2097 Platonis
724 2040 977 2097 commemoratio·
1025 2034 1179 2111 Αίγύπτιον,
1194 2036 1274 2110 quod
1294 2038 1342 2092 ille
1362 2037 1511 2095 admisceri
1533 2041 1600 2096 vino
1619 2041 1714 2112 jubet,
1731 2060 1812 2097 more

189 2152 255 2188 nem
271 2133 373 2191 Athen.
389 2151 418 2200 s,
434 2150 463 2205 p.
477 2129 527 2188 66.
549 2132 585 2187 D.
601 2130 711 2201 Quodsi
730 2130 872 2204 eundem,
893 2147 978 2203 quem
1024 2125 1206 2198 Grecorum,
1220 2124 1328 2198 dequo
1347 2126 1472 2182 AElianus
1487 2130 1519 2184 V.
1537 2125 1570 2184 ll.
1595 2147 1639 2197 ια,
1655 2130 1688 2185 3ι
1712 2149 1717 2183 :
1736 2127 1811 2207 μύρῳ

189 2220 409 2293 Theopompus,
425 2218 623 2275 Callaeschrum
637 2219 809 2292 excogitavit
822 2261 830 2292 ‚
841 2218 899 2290 jarn
914 2228 979 2273 ante

189 2307 368 2365 centesimam
380 2305 572 2382 olympiadem
583 2303 659 2381 (ants
674 2305 740 2366 Chr.
751 2314 809 2363 nat.
830 2303 976 2381 379-376)

190 2398 298 2453 fabulas
311 2397 441 2453 docuisse
458 2393 614 2452 censendus
628 2404 678 2450 cst.
697 2419 708 2444 ι
724 2395 749 2449 Ε
765 2397 807 2452 Μ.

468 2526 491 2582 Ι.
515 2522 698 2582 ίΑΛΕΜΟΣ.

235 2642 334 2712 lithen.
348 2654 416 2728 3,p.
430 2652 495 2722 106,
511 2657 550 2722 A,
560 2653 597 2710 de
608 2653 724 2709 nomine
737 2650 810 2729 καρίς
822 2652 976 2712 disserens:

191 2737 332 2819 xal’ssp...
347 2741 373 2797 ἰν
386 2736 518 2818 Ἰαλέμῳ,

117 2878 124 2891 ·
239 2849 400 2947 ίλρχόῦνθ’,
419 2852 495 2946 ἅπερ
511 2845 635 2944 καρῖδες
649 2853 802 2942 ἀνθράκων
817 2855 868 2920 ίπι

237 2949 360 3032 πηδῶσι
374 2957 493 3050 κυρταί.

189 3088 275 3142 Versu
300 3083 313 3141 ἰ
339 3088 379 3143 sic
398 3086 564 3144 Meineltius.
579 3086 675 3160 Libri,
690 3086 855 3161 glossemate
872 3089 976 3143 incon-

189 3174 285 3243 cinno,
294 3192 353 3248 quo
362 3174 521 3230 maculatus
529 3175 613 3231 etiam
622 3184 663 3231 cst
673 3176 750 3234 Eust.
761 3176 798 3233 ad
809 3178 843 3233 ll.
851 3196 880 3253 p.
889 3196 975 3260 ruso,

189 3257 241 3330 54,
253 3259 397 3339 Ὡρχοῦντο
411 3259 516 3339 ὥσπερ,
528 3263 590 3321 VL.
607 3264 652 3329 ὡς.
669 3266 759 3320 Etiam
771 3267 801 3320 in
816 3265 902 3323 Arist.
918 3271 972 3341 Ly·

188 3351 261 3406 sistr.
279 3350 315 3418 8)
329 3362 402 3408 stare
413 3362 510 3425 posset
527 3348 609 3429 drap,
622 3356 751 3431 quamvis
773 3356 895 3415 licharn.
916 3355 973 3413 685

97 3439 99 3444 '
189 3438 294 3496 habeat
304 3439 407 3496 eodem
419 3458 499 3496 seusu
509 3435 589 3517 ᾇπερ,
605 3442 656 3512 cf..
669 3443 692 3497 si
706 3445 776 3499 tanti
790 3447 847 3514 cst,
859 3462 925 3500 anu.
939 3445 975 3501 ad

189 3529 280 3587 Thac.
295 3527 333 3603 tt,
348 3529 397 3594 48.

410 3655 446 3716 ll.
471 3657 754 3719 ΚΑΛΛΑΙΣΧΡΟΣ.

186 3813 190 3823 -
232 3787 335 3845 Athen.
348 3787 387 3845 ih.
400 3806 407 3846 ι
419 3784 486 3867 Ὦρ.
501 3786 697 3869 Καλλαίσχρῳ,

238 3899 360 3993 Kaprai
376 3894 406 3968 δ’

191 4029 244 4085 Vix
253 4039 350 4104 aptum
360 4032 504 4086 sententiae
514 4031 597 4105 ὁμοῦι
611 4034 740 4107 suspicor
750 4046 864 4109 poetam
876 4036 976 4094 dixisse

190 4111 293 4187 ὅπως,
306 4118 396 4190 intell.
408 4116 511 4187 πηδῶσι
523 4120 631 4194 quippe
643 4121 762 4177 turbatae
774 4125 880 4196 squillae
891 4135 977 4199 atque

191 4205 300 4276 anxia,
315 4206 345 4260 in
361 4216 466 4262 terram
480 4206 584 4278 ejecta.
627 4248 631 4253 -

203 4329 448 4394 lucsutsuuu
470 4339 700 4398 FABULARUM
722 4341 957 4402 FRAGMENTA.

425 3928 498 3994 ομου
513 3895 637 3992 καριδες
654 3908 685 3971 ἐν
701 3898 780 3998 ξηρῷ
792 3901 888 3993 πέδῳ.

231 4558 334 4618 Athen.
351 4580 380 4631 n,
393 4580 424 4636 p.
441 4561 527 4632 43,F
544 4583 550 4617 :
572 4540 704 4627 Εύύουλος
720 4562 766 4637 (ν.
784 4583 850 4623 ann.
868 4567 904 4621 ad
917 4566 978 4639 ejus

190 4645 347 4721 fragmenta
358 4648 460 4706 incert.
476 4649 527 4724 ιι)
541 4648 683 4727 εὑρετικούς
696 4671 760 4727 φησι
773 4649 801 4706 τὸ
814 4650 882 4730 ύδοιρ
894 4661 976 4711 ποιεῖν

190 4729 249 4799 τούς
262 4731 383 4801 πίνοντας
396 4732 460 4792 αὐτὸ
472 4733 561 4810 μόνον,

238 4848 298 4914 Τὸν
312 4841 347 4914 δ’,
358 4845 435 4916 οίνον
450 4855 536 4941 ἡμῶν
551 4862 596 4937 τῷ
614 4859 730 4943 φρονεῖν
748 4857 933 4922 ἐπισκοτεῖν.

190 4969 234 5033 Τίι
245 4972 312 5032 αὐτὰ
323 4973 346 5033 δ’
358 4974 467 5051 lanitia
481 4975 526 5034 καὶ
543 4975 673 5056 Ὠφελίων
688 4979 762 5058 φησί.

572 5110 597 5147 a.

232 5202 335 5258 Athen.
356 5203 398 5261 ib.
422 5222 451 5280 p.
472 5204 521 5274 66,
547 5207 598 5259 D:
620 5202 660 5260 ὅτι
684 5206 719 5271 εἰς
741 5205 770 5262 τὸ
791 5207 915 5284 πρόπομα
933 5209 977 5266 καὶ

192 5290 275 5345 ταῦτα
290 5287 476 5365 ἐνεόύλλοντο,
494 5287 605 5368 πέπερι,
627 5293 733 5371 φυλλίς,
749 5296 868 5373 σμύρνα,
884 5294 976 5354 κύπει-

194 5394 250 5452 ρον,
261 5374 342 5455 μύρον
354 5376 530 5456 Αίγύπτιον...
542 5378 607 5459 Ὠφ.

241 5486 369 5559 Λιύυκύν
386 5519 421 5560 τε
435 5493 586 5586 θυμίαμα·
601 5495 743 5587 (unhul
759 5493 881 5581 βιύλίον
999 5517 1002 5532 ¹

242 5596 403 5677 Πλάτωνος
420 5597 633 5691 ἐμ6ρύντητον.

503 5788 675 5843 tsLEMUS.

192 5867 350 5938 saltabant,
364 5877 395 5927 ut
407 5872 514 5944 squilla
525 5889 607 5946 super
621 5873 752 5930 carbones

192 5954 319 6011 exsiliunt
330 5971 431 6015 curvas

143 6121 147 6128 .
450 6047 731 6103 CALLAESCllRUS.

194 6130 289 6185 Curras
299 6129 380 6187 simul
393 6131 516 6198 (sicuti)
531 6132 636 6202 squillac
651 6134 680 6188 iu
692 6131 769 6188 arido
782 6132 851 6188 solo.

380 6221 430 6275 EX
449 6221 614 6278 lucullus
634 6222 797 6278 FABULlS.

574 6314 598 6361 1.

198 6388 356 6481 linumque
370 6393 449 6451 nobis
461 6393 667 6467 intelligentiam
683 6393 836 6451 obscurare.

1024 2200 1091 2270 olum
1113 2208 1249 2290 μιγνύντες
1264 2207 1344 2276 οίίτιυς
1359 2208 1496 2283 ἔπινον...
1516 2211 1561 2270 καί
1578 2215 1695 2273 ἐκαλεῖτο
1712 2218 1727 2272 d
1745 2204 1812 2280 σίνος

1025 2300 1141 2380 μυρίνης.
1155 2302 1276 2377 Deinde,
1288 2299 1449 2359 oblitterata
1461 2302 1535 2360 forte
1546 2306 1686 2378 particula
1697 2302 1734 2378 μὴ
1745 2318 1811 2379 post

1024 2412 1100 2464 -μα,
1115 2391 1192 2447 velut
1202 2409 1306 2446 nervus
1324 2392 1468 2446 sententiae
1483 2392 1586 2448 incisus
1600 2405 1655 2461 est,
1670 2393 1811 2466 siquidem

1024 2480 1068 2533 his
1082 2480 1176 2535 verbis
1187 2478 1378 2534 admonentur
1392 2481 1546 2548 Platonici,
1562 2499 1598 2536 ne
1611 2482 1695 2536 etiarn
1708 2483 1811 2537 librum

1024 2568 1147 2641 aliquem
1161 2566 1307 2640 stupidum
1323 2563 1516 2645 [ίμύρύντητον
1532 2587 1537 2621 :
1552 2586 1580 2625 ν.
1596 2571 1644 2627 Ar.
1659 2568 1808 2629 Ecclesiae.

1026 2652 1102 2730 793)
1119 2655 1244 2713 Pla'tonis
1260 2655 1393 2728 afferant,
1413 2654 1626 2730 praelegendum
1646 2658 1675 2711 in
1701 2676 1810 2731 propo·

1023 2753 1115 2810 matc;
1136 2742 1378 2815 quemadmodum
1399 2744 1565 2820 philosophi
1593 2744 1706 2801 irrideri
1726 2748 1810 2802 aCo·

1023 2830 1103 2884 micis
1116 2830 1216 2885 solent.
1233 2831 1327 2890 Elmsl.
1342 2828 1456 2889 Αιύυκύν
1468 2854 1496 2889 τε
1507 2828 1612 2911 πίπερι,
1621 2835 1656 2910 6.,
1668 2832 1747 2906 quod
1759 2851 1811 2906 pa-

1024 2936 1087 2972 rum
1105 2930 1154 2976 est.

1405 3030 1432 3087 3.

1064 3150 1169 3210 Athen.
1193 3150 1301 3208 ibidF
1322 3169 1328 3209 :
1351 3152 1468 3228 Καρικοῦ
1493 3151 1569 3228 (scil.
1593 3152 1681 3211 ε’λαίοο
1703 3175 1809 3231 μνημο·

1024 3233 1108 3315 νεύει)
1127 3235 1193 3315 ’up

1071 3389 1120 3399 —
1137 3345 1239 3434 λ’,λαίῳ
1275 3360 1398 3442 Καρικῷ
1414 3343 1444 3417 d’
1462 3352 1627 3445 ἀλείφεται.

1025 3477 1109 3617 {lone
1121 3473 1143 3532 δ’
1159 3476 1263 3533 excidit
1273 3489 1337 3533 ante
1350 3499 1366 3532 α
1382 3478 1427 3553 (Δ’
1442 3482 1497 3553 Α),
1514 3481 1594 3553 quod
1606 3484 1759 3557 suspicatus
1770 3496 1811 3542 est

1055 3583 1109 3622 em.

1408 3679 1435 3738 l.

1065 3784 1239 3858 Hesychius,
1259 3772 1328 3849 Ἶσις
1354 3804 1361 3839 :
1382 3780 1445 3841 ίνιοι
1465 3783 1602 3859 ὀμνύοντες
1622 3783 1670 3855 τὴν
1690 3775 1759 3845 Ἶσιν
1783 3784 1809 3852 ἐξ

1024 3868 1128 3945 ἑτοίμου
1139 3868 1252 3929 ἐνόσουν.
1269 3871 1386 3948 (Specta
1397 3875 1626 3947 superstitionem
1637 3875 1712 3931 illius
1722 3877 1808 3932 etiam

1024 3957 1188 4014 Graecorum
1220 3960 1288 4031 aevi,
1313 3978 1348 4016 ne
1374 3978 1480 4016 nomen
1511 3961 1627 4035 quidem
1659 3961 1718 4017 deae
1746 3981 1809 4019 san·

1025 4046 1154 4102 ctissimae
1177 4057 1240 4103 tuto
1265 4050 1447 4122 pronuntiari
1473 4068 1554 4123 posse
1587 4050 1807 4124 existimantis!)

1022 4128 1105 4190 Ὅθεν
1116 4134 1129 4189 6
1142 4130 1275 4209 Φιλήμων
1294 4130 1337 4189 διὰ
1351 4132 1381 4190 τὸ
1395 4132 1501 4211 συνεχὲς
1514 4137 1565 4191 τῶν
1578 4133 1661 4192 νύσων
1676 4136 1809 4213 ἐχρήσατο

1024 4217 1148 4298 virilia.
1167 4247 1179 4275 ι
1193 4225 1235 4281 lta
1249 4225 1394 4301 lllusunrs3
1407 4236 1436 4283 at
1450 4225 1541 4283 codex
1553 4223 1701 4305 ὠφελίμων.
1719 4230 1811 4303 Ophe-

1025 4311 1108 4365 lionis
1127 4331 1233 4368 nomen
1253 4314 1457 4369 restituendum
1479 4333 1536 4370 esse
1554 4319 1652 4370 monui
1673 4317 1753 4391 praef.
1773 4318 1810 4372 ad

1025 4399 1213 4454 Menandrum
1227 4420 1255 4474 p.
1274 4420 1315 4458 x1.
1330 4404 1373 4457 De
1386 4402 1469 4458 Isidis
1479 4402 1642 4474 juramento
1653 4423 1679 4462 v.
1693 4403 1730 4459 ad
1745 4406 1810 4460 Phi·

1025 4486 1090 4541 lem.
1111 4506 1139 4559 p.
1163 4486 1219 4551 430
1240 4487 1299 4561 (ed.
1311 4508 1356 4562 pc.
1371 4488 1390 4564 )
1405 4514 1416 4539 ι
1430 4493 1518 4547 Mein.

1383 4731 1454 4791 LVl.

1330 4879 1502 4947 aunxis,

1067 5002 1202 5073 «Alexis,
1225 5006 1346 5079 Thurin,
1361 5026 1423 5081 quae
1442 5008 1510 5065 urbs
1530 5020 1611 5065 antea
1629 5010 1743 5083 Sybaris
1756 5028 1811 5065 νο·

1026 5102 1088 5146 cata
1101 5091 1171 5161 fuir,
1187 5094 1342 5170 oriundus,
1358 5107 1392 5151 ut
1411 5106 1548 5153 testentur
1564 5098 1664 5155 Suidas
1675 5100 1702 5156 v.
1715 5092 1812 5163 Ἄλεξις

1025 5196 1054 5240 et
1071 5189 1237 5261 Anonymus
1250 5192 1279 5245 in
1292 5192 1362 5248 Bibl.
1378 5194 1494 5250 Coislin.
1518 5213 1547 5268 p.
1565 5192 1632 5269 597,
1649 5195 1748 5249 Atticae
1768 5194 1812 5249 ci·

1025 5276 1105 5329 vitati
1121 5276 1279 5354 adscriptus
1296 5292 1338 5337 est
1356 5280 1527 5359 [Stephanus
1549 5284 1663 5355 Byzaut.
1686 5301 1716 5356 p.
1735 5280 1810 5356 510,

1027 5350 1116 5419 Οίοντ
1139 5363 1221 5440 δῆμος
1235 5369 1282 5437 τῆς
1300 5367 1437 5434 Λεοντίδος
1452 5369 1543 5447 φυλῆς.
1567 5366 1592 5432 ἐξ
1614 5368 1680 5428 Οἴου
1701 5364 1809 5434 Ἄλεξις.

999 5493 1002 5512 .
1025 5450 1068 5507 Cf.
1082 5452 1187 5513 lleurs.
1201 5457 1244 5511 De
1259 5476 1329 5532 pop.
1342 5463 1400 5515 Att.
1414 5478 1445 5533 p.
1461 5458 1497 5515 85
1507 5462 1533 5530 );
1546 5477 1639 5531 neque
1658 5459 1733 5512 solus
1747 5457 1809 5526 illc,

999 5535 1002 5613 ξ
1025 5538 1073 5593 sed
1084 5541 1186 5597 Thurii
1194 5562 1282 5616 quum
1295 5548 1408 5602 circiter
1423 5548 1531 5619 olymp.
1546 5565 1596 5619 97,
1612 5548 1627 5601 3
1647 5546 1727 5619 (ante
1744 5545 1810 5602 Chr.
1855 5609 1859 5619 ³

999 5617 1002 5651 ¹
1028 5638 1086 5685 nat.
1114 5627 1186 5705 389)
1212 5634 1244 5687 in
1269 5635 1434 5689 servitutem
1459 5635 1552 5688 abacti
1577 5635 1631 5687 sint
1652 5653 1666 5687 a
1690 5635 1811 5687 Lucanis

199 5727 1805 5762 Ἣ...

1406 5808 1450 5882 2“.

1028 5927 1410 6006 libycumque-unguentum
1426 5936 1583 5994 cavertinis
1596 5935 1695 5991 librurn

1030 6018 1149 6076 Platonis
1165 6020 1315 6079 absurdunt
1328 6026 1454 6093 injicias.

1409 6175 1435 6224 3.

1029 6290 1096 6345 Oleo
1107 6298 1197 6345 autem
1212 6289 1307 6345 Carino
1318 6290 1432 6361 ungitur
