4084 8009
415 1532 487 1583 5⁴
1399 1511 1806 1573 COMOEDIAE
1851 1507 2188 1576 vssfmlus
2231 1505 2648 1580 RELIQUIAE.

517 1650 740 1727 Συνέὸη
775 1663 1027 1725 νοσῆσαι
1062 1662 1150 1735 τῷ
1181 1650 1408 1742 θεάτρῳ
1438 1649 1547 1725 τὰς
1573 1651 1804 1741 φρένας.

418 1784 809 1858 Conqueritur
830 1783 926 1839 Cr.
962 1782 1050 1836 his
1080 1779 1292 1849 verbis,
1330 1777 1566 1852 aliquod
1611 1777 1807 1833 drama
1830 1793 1994 1831 suum

421 1872 771 1946 displicuisse
792 1868 1228 1945 spectatoribus.
1271 1892 1294 1915 «ι
1328 1867 1634 1941 Respicere
1669 1864 1900 1919 videtur
1923 1861 1998 1917 ad

422 1963 574 2017 hunc
607 1962 802 2017 locum
829 1956 1186 2033 Phrynichus
1221 1961 1369 2032 App.
1415 1956 1594 2032 Soph.
1643 1971 1704 2029 p.
1741 1950 1836 2022 52,
1879 1948 1994 2007 28:

423 2050 614 2108 Νοσεῖν
644 2046 735 2115 τὰς
762 2046 949 2128 φρένας
982 2068 995 2103 t
1020 2048 1187 2105 νοσεῖν
1216 2043 1305 2102 τὸν
1331 2049 1469 2103 νοῦν.
1510 2071 1534 2094 ¹2
1567 2047 1616 2099 E
1638 2046 1722 2102 M.

1186 2168 1240 2207 2.

509 2260 884 2317 Autiatticista
928 2275 992 2332 p.
1032 2256 1164 2327 108,
1205 2263 1322 2323 24:
1360 2280 1382 2302 α
1420 2251 1807 2329 μεσόκοπον
1839 2280 1861 2303 υ
1909 2253 2002 2330 ἀρ-

433 2346 645 2422 ρενικῶς
678 2342 768 2403 τὸν
806 2342 893 2401 ἐπὶ
933 2340 1095 2419 με’σου
1123 2341 1335 2413 ἡλικίας
1383 2339 1501 2417 (ita
1530 2342 1714 2399 Lucas
1760 2340 1999 2401 observ,

426 2454 488 2511 p.
523 2454 561 2509 9
588 2453 697 2509 pro
735 2430 796 2490 τὸ
822 2428 1077 2505 Ξπιμίσου
1110 2430 1224 2507 fix.)
1258 2430 1366 2507 Κρ.
1421 2454 1443 2478 «ι
1473 2430 1695 2485 Iudicat
1728 2447 2008 2505 gramma-

428 2523 530 2577 tici
557 2523 743 2597 glossa
763 2561 780 2590 ,
810 2517 1103 2594 μεσόκοπος
1125 2537 1196 2575 ex
1214 2517 1603 2575 Atticistarum
1625 2518 1748 2593 lege
1764 2558 1780 2587 ,
1808 2518 1914 2573 uisi
1934 2516 2007 2573 de

431 2610 677 2680 seminis,
703 2629 823 2666 uon
845 2627 963 2666 esse
997 2608 1329 2667 dicendum.
1379 2604 1690 2665 Confirmat
1728 2606 2006 2682 quodam·

428 2700 607 2756 modo
633 2699 976 2756 Xenarchus
997 2698 1211 2756 Athen.
1241 2696 1333 2766 13,
1358 2715 1420 2772 p.
1449 2694 1589 2771 569,
1615 2695 1694 2755 B:

510 2790 627 2871 Νέᾳ
649 2835 668 2864 ,
699 2793 933 2872 παλαιᾷ,
957 2789 1267 2869 μεσοκόπῳ,
1288 2789 1600 2870 πεπαιτέρᾳ.
1633 2814 1658 2841 ι
1681 2792 1765 2848 Μ.

1211 2895 1270 2954 3.

462 2983 791 3062 ”Aristides
816 3001 979 3062 Orat.
1014 2999 1112 3073 50,
1144 3000 1262 3059 xol.
1293 3019 1347 3071 a,
1378 3020 1439 3076 p.
1466 2997 1580 3058 565
1605 3000 1814 3058 Dind.:
1839 2997 2009 3056 καίτοι

432 3089 563 3172 φησὶ
597 3087 694 3166 μὲν
745 3088 808 3161 δή
853 3112 956 3149 που
995 3091 1100 3168 Κρ.
1152 3088 1312 3147 «τῶν
1366 3088 1600 3167 αἷσχρων
1649 3077 1784 3145 εἶναι
1813 3086 2007 3166 φίλοισι

431 3176 777 3258 χαριζόμενον
824 3175 1054 3256 πονηρὸν
1097 3175 1253 3235 αὗτὸν
1301 3164 1517 3233 εἶναι.»
1567 3164 1710 3232 οὗτοι
1740 3172 1794 3232 δὲ
1827 3175 2001 3250 (sort.

430 3262 603 3342 γὰρ),
633 3266 680 3322 εἰ
712 3263 808 3342 μὲν
826 3263 1004 3378 φίλρις
1031 3263 1206 3329 αὐτοῖς
1232 3265 1484 3342 χρῶνται,
1506 3260 1892 3341 παραπλησίως
1915 3264 2008 3320 αὖ·

431 3360 539 3419 τοῖς
568 3350 796 3431 ἔχουσιν,
815 3351 965 3424 ὥστ’,
992 3353 1038 3410 εἰ
1068 3352 1174 3416 τοῖς
1201 3353 1374 3417 αὐτοῖς
1401 3349 1693 3463 χαίρουσιν,
1722 3352 1896 3417 αὑτοῖς
1925 3349 2008 3431 ἄρ

435 3443 537 3519 οὐχ
561 3432 715 3513 ἧττον
754 3440 791 3511 ἢ
816 3438 1014 3507 τούτοις
1039 3438 1362 3520 χαρίζονται.
1394 3440 1441 3496 εἰ
1475 3437 1522 3496 δ’
1552 3461 1618 3496 αυ
1586 3428 1720 3515 Ἰ’μὴ
1748 3437 2014 3515 νομίζουσι

434 3528 649 3640 φίλους,
673 3527 789 3587 ἀντὶ
812 3552 904 3589 του
926 3528 1259 3609 χαρίζονται;
1286 3526 1390 3586 εἴτε
1410 3525 1562 3607 γὰρ’
1533 3551 1603 3594 ως
1623 3528 1894 3608 ἐρασταῖς,
1909 3527 2015 3587 εἴτε

436 3620 508 3683 ὡς
554 3615 770 3693 ἐρασταὶ
789 3659 807 3691 ,
837 3614 898 3675 τό
926 3638 986 3692 γε
1012 3619 1105 3686 τῆς
1132 3612 1386 3695 αἰσχύνης
1413 3614 1660 3694 ἄφυκτον.
1694 3619 1784 3675 Cr.
1822 3619 2015 3675 dicere

439 3706 670 3781 quidem
694 3706 887 3779 potuit

544 3795 824 3888 Δίσχρῶν
869 3790 1262 3889 χαριζόμενος
1296 3796 1496 3888 φίλοις
1542 3797 1797 3887 πονηρὸς
1835 3798 2013 3872 αὐτός

1862 3908 2013 3986 ἐστι,

442 4023 540 4079 sed
558 4023 773 4093 malim,
791 4039 969 4097 quum
985 4020 1210 4098 πονηρὸν
1234 4039 1354 4078 non
1374 4022 1591 4098 legatur
1610 4025 1669 4079 in
1689 4041 1807 4080 uno
1838 4022 2010 4093 libro,

443 4111 817 4167 concinniore
844 4112 1121 4167 sententia
1162 4108 1280 4189 (τῷ
1318 4108 1534 4187 αἰσχρὸς
1555 4111 1735 4168 simile
1777 4110 2014 4188 αἰσχρῶν

445 4197 632 4255 fraudi
655 4198 825 4255 fixerit
841 4194 858 4274 )
875 4239 892 4267 ‚

543 4300 945 4397 Χαριζόμενος
963 4303 1075 4399 γὰρ
1093 4304 1335 4397 αἰσχρός
1356 4307 1482 4371 ἐστ’
1503 4305 1770 4397 αἰσχρῶν
1798 4304 2013 4397 φίλοις.

448 4412 760 4471 Meinekius
781 4415 841 4470 in
860 4425 1104 4488 utraque
1133 4413 1387 4470 editione
1422 4432 1434 4470 :

543 4528 810 4621 Αἰσχρὸν
877 4519 947 4593 δὲ
1006 4527 1239 4617 φίλοισι
1292 4520 1693 4619 χαριζόμενον
1760 4530 2014 4622 πονηρὸν

1835 4629 2008 4701 εἶναι.

529 4833 690 4888 Idem
730 4832 893 4889 Orat.
930 4829 1028 4899 45,
1060 4830 1180 4886 vol.
1229 4847 1286 4898 2,
1326 4849 1388 4937 p.
1417 4831 1555 4885 23.
1600 4828 1703 4907 ἐγὼ
1733 4830 1829 4906 μὲν
1868 4836 2019 4906 οἶμαι

449 4918 624 4974 τοῦτο.
667 4913 719 4971 τί
745 4905 870 4990 ουν,
895 4939 940 4973 ω
970 4912 1260 4990 μεγίστη
1287 4912 1361 4973 συ
1389 4915 1656 4993 γλῶττα
1701 4919 1826 4976 τῶν
1868 4911 2020 4977 Ελ-

450 5001 777 5074 ληνίδων,
821 4999 919 5081 ἔφη
963 5003 1066 5079 Κρ.
1123 5023 1285 5060 ποιων
1335 5000 1546 5079 (Mein.
1579 5005 1731 5080 μῶν)
1767 5004 1876 5062 ἔσθ’
1920 5003 2021 5062 ὅτι

451 5088 668 5167 κωλύει,
694 5102 826 5161 etc„
842 5091 913 5147 de
939 5090 1194 5147 Platone.
1219 5090 1380 5147 Idem
1401 5091 1500 5149 Or.
1519 5091 1616 5163 46,
1640 5112 1700 5168 p.
1722 5093 1871 5163 173:
1898 5094 2022 5151 οὐκ·

453 5186 541 5239 οὖν
563 5182 667 5237 τῶν
692 5176 973 5257 μαρτύρων
998 5181 1126 5253 ἡμῖν
1158 5180 1262 5235 τῶν
1295 5178 1367 5243 εἷς
1406 5176 1524 5244 τοὺς
1552 5178 1736 5255 λόγους
1758 5180 2021 5256 κεκλημέ-

454 5291 555 5326 νων
579 5268 653 5347 τῷ
684 5266 1000 5341 Περικλεῖ...
1032 5268 1060 5323 ὁ
1089 5263 1184 5340 μὲν
1226 5266 1349 5323 τῶν
1377 5262 1797 5336 Ἑλληνίδων
1828 5270 2023 5345 μεγί-

456 5379 621 5427 στην
668 5354 764 5425 τὴν
810 5351 1005 5431 ἐκείνου
1052 5353 1366 5431 γλῶτταν
1419 5350 1613 5433 εἴρηκε.
1680 5360 1766 5414 De
1806 5360 2023 5415 Pericle

458 5444 602 5501 dixit
624 5447 714 5502 Cr.
745 5443 1056 5501 secuudum
1082 5443 1433 5499 Meinekium
1458 5446 1556 5500 tali
1581 5445 1756 5501 modo
1793 5465 1807 5500 ε

555 5549 663 5644 ἴθ’,
703 5556 750 5623 ὦ
775 5558 1029 5653 μεγίστη
1058 5564 1314 5651 γλῶττα
1355 5565 1475 5625 τῶν
1516 5552 1897 5633 Ἑλληνίδων.

460 5686 640 5741 Possis
662 5704 894 5759 quoque
910 5703 1083 5761 pron.
1109 5682 1172 5741 σὺ
1195 5696 1422 5742 servato
1452 5687 1510 5742 in
1535 5707 1701 5744 versu
1729 5707 1847 5744 non
1872 5692 1962 5746 Tr
1955 5710 2013 5746 ‘t-

458 5790 602 5865 gici,
633 5789 732 5845 sed
759 5791 977 5847 Comici
1003 5788 1300 5846 liberiore:

1229 5962 1276 6011 l.

461 6040 678 6099 Accidit
697 6041 907 6102 theatro
926 6052 988 6101 ut
1008 6051 1292 6117 aegrotaret
1313 6054 1510 6102 mente.

461 6215 790 6276 Gratifieaus
814 6178 993 6289 turpia
1017 6137 1326 6280 amantibus
1345 6221 1649 6293 turpisripse
1676 6228 1774 6275 est.

2102 4281 2254 4339 libri.
2282 4307 2306 4330 ι
2333 4281 2548 4355 Malim,

2179 1645 2255 1710 Τί
2280 1639 2367 1723 δ’,
2399 1641 2447 1707 ὦ
2474 1642 2729 1736 μεγίστη
2755 1648 3002 1732 γλῶσσα
3032 1645 3100 1705 σὺ
3136 1646 3257 1703 τῶν
3284 1629 3677 1710 Ελληνίδων.

2847 1784 2902 1843 5.

2170 1920 2331 1975 idem
2356 1920 2520 1975 Orat.
2550 1924 2650 1990 49,
2674 1916 2792 1971 vol.
2822 1932 2884 1984 α,
2917 1932 2975 1989 p.
3011 1912 3174 1969 521.
3204 1910 3324 1968 ἀλλ’
3357 1908 3521 1985 ἔγωγε
3553 1930 3674 1967 κω·

2091 2007 2409 2084 μῳδιοποιοῦ
2433 2022 2567 2068 τινος
2589 2000 2829 2072 ἤκουσα,
2861 1995 3343 2076 σεμνολογουμένου
3372 1994 3677 2073 Θαυμαστὰ

2091 2063 2195 2151 οἶα.
2219 2092 2390 2151 καίτοι
2413 2090 2503 2149 ἰάν
2534 2112 2608 2155 τις
2635 2088 2825 2167 ἔρηται
2847 2086 2966 2153 τοὺς
2991 2089 3084 2157 τῆς
3106 2085 3322 2167 κωμῳδι
3305 2109 3386 2152 ιας
3408 2085 3677 2156 ποιητὰς,

2093 2178 2171 2259 ἐφ’
2200 2177 2303 2237 ὅτω
2329 2177 2467 2256 με’γα
2492 2182 2796 2257 φρονοῦσιν,
2832 2198 2982 2256 φαιεν
3014 2174 3076 2232 ἂν
3095 2146 3320 2252 ,οἷμαι,
3350 2172 3431 2232 ὅτι
3456 2172 3679 2251 γέλωτα

2091 2272 2348 2340 κινοῦσιν,
2385 2264 2564 2346 ὥσπερ
2610 2265 2700 2323 καὶ
2742 2266 2913 2322 αὐτῶν
2952 2286 3028 2330 τις
3081 2264 3421 2341 ὡμολόγηκεν
3462 2262 3682 2329 οὐδενὸς

2098 2358 2406 2436 ἐρωτῶντος.
2444 2354 2559 2413 ἀλλ’
2602 2353 2745 2430 ὅμως
2771 2352 2864 2411 καὶ
2901 2342 3042 2411 οὗτοι
3068 2352 3257 2457 χωρὶς,
3273 2349 3502 2418 ἀξιουσιν
3531 2340 3681 2409 εἶναι

2096 2443 2162 2502 τά
2180 2466 2237 2502 τε
2265 2444 2368 2502 τῶν
2399 2441 2621 2501 ἀστείων
2616 2439 2953 2549 ..σκώμματα
2979 2437 3069 2497 καὶ
3096 2437 3164 2498 τὰ
3187 2440 3290 2497 τῶν
3314 2439 3545 2497 πολλων·
3576 2440 3682 2498 καί

2042 2571 2043 2575 =
2094 2555 2171 2599 τις
2199 2532 2372 2590 αὐτῶν
2416 2533 2471 2590 ὃν
2511 2532 2651 2610 ἀρχῇ
2699 2534 2791 2588 τοῦ
2832 2527 3097 2608 δράματος
3133 2525 3680 2606 μεγαλαυχούμενος,

2096 2623 2165 2687 ὡς
2190 2618 2490 2700 πρθφήτης,
2522 2616 2863 2699 προαγορεύει
2885 2615 3081 2676 τοιάδε·

2197 2805 2290 2815 -
2318 2758 2592 2856 Ᾱφυπνίζ
2595 2762 2759 2831 εσθαι
2808 2768 2921 2856 χρὴ
2963 2755 3262 2856 [πάντως]
3295 2761 3498 2828 πάντα
3530 2762 3686 2829 θεα-

3605 2898 3644 2936 ν

2199 2976 2317 3042 άπὸ
2355 2979 2462 3065 μὲν
2487 2976 2797 3068 βλεφάρων
2826 2974 3217 3065 αὐθημερινὸν
3253 2873 3686 3049 ποιητῶντηλῗὲ

2825 3074 2829 3078 ’
3282 3104 3376 3169 ρον
3410 3079 3681 3170 ἀφέντα,

2099 3224 2278 3302 ὥσπερ
2295 3226 2347 3282 ἐν
2368 3224 2539 3303 ἐκείνῃ
2553 3227 2621 3303 τῇ
2634 3221 2809 3302 ἡμέρᾳ
2827 3221 3033 3299 μέλλων
3049 3219 3286 3287 ἅπαντας
3296 3220 3483 3303 σοφούς
3498 3244 3561 3280 τε
3576 3224 3682 3282 καὶ

2101 3310 2412 3378 σπουδαίους
2436 3308 2696 3382 ποιήσειν.
2728 3308 2940 3378 διδάξας
2979 3307 3033 3366 δὲ
3063 3321 3193 3381 etc.,
3227 3330 3352 3385 quae
3383 3311 3685 3370 habentur

2102 3400 2416 3461 Chironum
2431 3400 2746 3477 fragmento
2772 3419 2869 3459 υ.
2890 3400 3103 3457 Cratini
3124 3417 3293 3455 versu
3319 3400 3508 3475 primo
3535 3400 3682 3466 libri

2101 3490 2296 3565 scripti
2335 3501 2507 3565 atque
2547 3489 2687 3547 editi
2711 3487 2932 3567 Ἀφυπν.
2960 3488 3362 3567 (corripienda
3388 3501 3473 3546 est
3497 3490 3684 3563 hujus

2101 3575 2264 3634 verbi
2276 3578 2492 3651 syllaba
2507 3577 2775 3648 secunda,
2787 3599 2889 3633 υυ-
2900 3609 2928 3619 -
2944 3577 3003 3651 -)
3020 3572 3126 3656 χρὴ
3134 3573 3308 3634 πάντα
3325 3576 3535 3649 θεατήν,
3546 3583 3683 3637 aliis

2103 3666 2216 3722 alia
2246 3667 2730 3742 proponentibus,
2762 3667 2971 3740 quibus
2998 3668 3203 3722 lacuna
3225 3685 3417 3723 versus
3434 3670 3681 3743 explea-

2104 3765 2215 3824 tur,
2239 3773 2417 3828 quum
2441 3754 2582 3809 nihil
2605 3755 2678 3810 sit
2705 3754 3063 3810 verisimilius
3082 3772 3254 3828 quam
3293 3754 3440 3810 forte
3463 3753 3683 3823 πάντως

2104 3851 2235 3897 ante
2279 3841 2461 3898 simile
2489 3838 2664 3896 πάντα
2692 3842 2961 3897 omissum
2999 3859 3118 3897 esse
3154 3859 3191 3896 a
3216 3842 3483 3897 librariis.
3525 3844 3682 3902 Vide

2104 3929 2365 4004 inprimis
2411 3930 2586 4004 Apol.
2654 3930 2818 3987 Socr.
2874 3950 2927 3986 c.
2976 3947 3078 3997 ao,
3128 3930 3231 4003 qui
3286 3931 3547 4005 geminus
3593 3945 3685 3990 est

2104 4018 2521 4093 compositione
2544 4018 2727 4087 locus,
2755 4014 2963 4081 πάντως
2983 4019 3030 4073 οῖ
3068 4014 3329 4086 Ἀθηναῖοι
3357 4015 3549 4083 πάντες
3574 4019 3684 4090 δή·

2106 4126 2207 4182 που
2239 4112 2347 4170 τοῖς
2384 4102 2765 4183 φρονιμώτατα
2805 4103 3014 4180 λέγουσι
3056 4103 3350 4177 πείθονται,
3375 4117 3487 4166 etc.
3521 4110 3688 4167 Bene

2105 4193 2380 4270 Bergkius
2430 4189 2772 4269 αὖθημερινὸν
2817 4213 2929 4268 pro
2981 4193 3198 4264 a-ffiv,
3255 4195 3417 4269 quod
3461 4196 3691 4254 habent

2581 4306 2605 4330 a
2632 4282 2822 4354 inquit
2846 4283 3044 4354 Mein„
3078 4306 3101 4331 σι
3139 4294 3377 4357 propter
3402 4286 3692 4358 genitivo-

2105 4388 2232 4425 rum
2280 4369 2656 4443 frequentiam
2711 4365 3076 4447 αὖθημερινόν.
3135 4371 3291 4426 Dicit
3336 4372 3689 4429 aemulorum

2105 4469 2411 4535 poetarum
2437 4457 2737 4513 subitarias
2760 4468 2817 4513 et
2846 4458 2965 4513 cito
2987 4458 3274 4532 perituras
3300 4459 3564 4533 ineptias.
3609 4487 3634 4511 ι

2864 4609 2919 4663 6.

2190 4745 2390 4801 Athen.
2433 4764 2487 4814 1,
2526 4764 2587 4819 p.
2624 4764 2678 4814 7,
2715 4746 2808 4801 F.
2796 4764 2808 4776 ·
2857 4743 3059 4800 δοκοῦσι
3107 4743 3151 4801 δ’
3208 4746 3256 4802 οἱ
3294 4743 3548 4804 Μυκόνιοι
3590 4748 3689 4807 διὰ

2109 4827 2169 4886 τὸ
2199 4827 2447 4888 πένεσθαι
2479 4828 2569 4887 καὶ
2598 4828 2801 4908 λυπρὰν
2834 4832 2991 4899 νῆσον
3032 4832 3189 4888 οἶκειν
3215 4831 3303 4890 ἐπὶ
3336 4834 3691 4913 γλισχρότητι

2109 4915 2201 4974 καὶ
2229 4916 2497 4996 πλεονεξία
2521 4917 2921 4975 διαὸάλλεσθαι·
2945 4918 3033 4976 τὸν
3055 4940 3178 4995 γουν
3208 4918 3530 5000 Ἰσχόμαχον
3564 4925 3681 5004 Κρ.

2113 5004 2294 5063 Μυκόν
2269 5028 2373 5063 νιον
2398 5006 2621 5077 καλει,ι
2645 5003 2851 5070 Πως
2825 5029 2902 5063 αν
2933 5004 3363 5087 Ἰσχομάχου
3392 5009 3693 5087 γεγονὼς

2113 5092 2461 5152 Μυκονίου
2504 5092 2870 5173 φιλόδωρος
2916 5092 2992 5151 ἂν
3054 5094 3230 5169 εἴης;
3278 5095 3547 5174 Ἀγαθος
3595 5096 3691 5157 ὢν

2113 5179 2275 5259 πρὸς
2321 5180 2605 5259 ἀγαθους
2656 5180 2912 5259 ἄνδρας
2968 5184 3456 5261 ἑστιασόμενος
3496 5176 3692 5257 ἧκον·

2112 5266 2293 5326 κοινὰ
2324 5266 2445 5347 γὰρ
2472 5267 2552 5327 τὰ
2585 5272 2709 5327 τῶν
2736 5269 3026 5350 φίλων.»
3056 5272 3200 5330 Pace
3219 5276 3485 5331 Meinekii
3514 5288 3573 5332 et
3592 5296 3693 5334 rc-

2065 5420 2069 5445 Ι
2115 5362 2363 5414 tractatis
2388 5360 2457 5413 iis
2488 5378 2615 5433 quae
2638 5360 2883 5416 diximus
2905 5380 2966 5434 p.
3000 5380 3062 5417 11
3093 5363 3226 5417 libri
3252 5364 3561 5438 germanici
3593 5366 3692 5422 De

2114 5446 2276 5502 Com.
2314 5448 2442 5515 Gr.‚
2470 5448 2684 5504 Cratini
2720 5465 2933 5518 versus,
2957 5449 3214 5505 immissis
3236 5451 3489 5525 personis
3507 5453 3691 5511 unius

2116 5535 2506 5604 convivarum,
2529 5535 2603 5591 ad
2620 5553 2765 5609 quos
2785 5546 3019 5590 venerat
3042 5537 3400 5594 Ischomachi
3424 5537 3597 5609 filius,
3629 5553 3696 5597 et

2115 5620 2502 5695 hujusipsius,
2533 5623 2739 5696 dequo
2761 5624 3386 5701 EustathiusadOdysS.
3411 5646 3472 5701 p.
3508 5627 3693 5699 1828,

2117 5709 2198 5761 8:
2228 5707 2332 5783 Κρ.
2358 5697 2469 5784 ουν,
2496 5706 2567 5774 ὥς
2596 5729 2753 5799 φησιν
2778 5707 3073 5781 Ἀθήναιος,
3101 5710 3189 5768 τὸν
3231 5709 3483 5790 γλίσχρον
3509 5709 3696 5792 Ἰσχό

2065 5765 2069 5838 Ι
2117 5815 2290 5871 μαχον
2322 5794 2580 5853 Μυκόνιον
2602 5800 2774 5867 εἶπεν,
2793 5798 2873 5853 sic
2902 5799 3255 5855 scribemus.

3543 5919 3648 5927 ζ

2871 5972 2921 6020 4.

2121 6048 2268 6118 Quid
2293 6055 2498 6113 autem,
2526 6062 2559 6102 o
2586 6048 2815 6105 maxima
2840 6057 2898 6105 tu
2922 6050 3109 6123 lingua
3135 6053 3492 6109 Graecarum?

2814 6162 2825 6174 .
2872 6144 2924 6194 5·
3590 6175 3598 6182 .

2261 6220 2368 6277 Sed
2388 6221 2657 6297 edormire
2679 6223 2840 6281 debet
2860 6229 2878 6292 (
2900 6226 3164 6292 omnino)
3194 6228 3371 6283 omnis
3390 6235 3693 6300 spectator,

2120 6325 2148 6363 e
2170 6307 2668 6379 palpebrisexcusso
2684 6312 3004 6384 quotidiano
3023 6323 3302 6386 poetarum
3319 6314 3691 6389 stultiloquio.
