4084 8009
839 1632 1056 1692 ruAErs‘rlo.
1571 1650 1615 1694 vu

289 1763 495 1859 parcissime
511 1777 655 1831 narrant
675 1786 740 1831 nec
756 1762 849 1831 inter
865 1785 902 1831 se
917 1763 1164 1833 consentiunt.
1183 1761 1393 1833 Eflloruerat
1407 1778 1528 1834 autem
1541 1762 1615 1857 Jam

289 1886 418 1956 Persici
437 1884 522 1956 belli
538 1884 778 1980 temporibus,
799 1900 834 1954 et
856 1899 940 1956 ante
955 1887 1143 1957 Cratinum
1161 1886 1289 1957 fabulae
1314 1886 1451 1983 aliquot
1472 1886 1617 1983 prodie-

289 2024 391 2094 runt,
407 2033 496 2104 quas
513 2023 655 2104 postera
673 2023 755 2077 retas
772 2006 958 2078 oblivione
978 2033 1053 2078 non
1081 2008 1225 2079 delerit.
1252 2014 1294 2079 At
1310 2025 1412 2105 pater
1430 2008 1617 2108 comtpdiae

288 2154 401 2225 graeco
419 2131 566 2225 ingenio
583 2129 700 2222 dignae
716 2129 908 2200 habendus
930 2143 985 2200 est
1012 2131 1198 2216 Cratinus,
1217 2155 1292 2201 non
1316 2133 1482 2216 Susario,
1506 2132 1613 2202 sicuti

291 2252 484 2348 tragoediae,
501 2277 574 2322 non
588 2253 756 2345 Thespis,
783 2252 845 2322 sed
861 2252 1060 2346 AEschylus.
1080 2257 1239 2348 Uterque
1262 2269 1367 2350 poeta
1386 2269 1498 2323 artem
1515 2268 1550 2323 et
1566 2256 1618 2323 in·

289 2376 430 2446 choavit
451 2391 486 2445 et
509 2375 676 2470 perfecit,
701 2377 748 2444 ita
767 2390 807 2444 ut
828 2374 1027 2470 equalibus
1050 2391 1085 2445 et
1106 2378 1258 2470 posteris
1285 2375 1533 2471 relinquerent
1566 2377 1616 2448 illi

288 2501 436 2595 quidem
450 2501 575 2584 varias,
584 2523 650 2595 pro
660 2499 865 2569 diversitate
877 2498 1022 2585 indolis,
1035 2499 1174 2595 singula
1189 2499 1377 2570 excolendi
1392 2500 1478 2584 vias,
1493 2525 1615 2571 verum

288 2621 333 2690 ad
356 2622 468 2717 ipsam
489 2621 575 2691 artis
600 2625 779 2691 summam
799 2621 990 2714 adjiciendi
1019 2621 1223 2692 facultatem
1247 2622 1494 2717 praeciderent.
1524 2626 1614 2717 Ergo

289 2758 369 2838 post
387 2744 559 2837 Magnetis
578 2741 747 2827 leviores,
771 2758 810 2812 ut
828 2741 980 2840 videtur,
997 2743 1140 2812 facetias
1156 2745 1324 2813 Cratinus
1341 2744 1511 2840 produxit
1530 2752 1618 2814 anti-

288 2888 388 2958 quam
406 2888 485 2958 qnae
500 2863 634 2935 dicitur
655 2861 890 2948 comoediam,
914 2862 949 2932 id
969 2879 1024 2932 est
1045 2862 1225 2956 ejusmodi
1251 2889 1396 2958 poema,
1421 2866 1526 2960 quale
1552 2891 1618 2963 rios

288 2985 410 3073 hodie,
423 2987 493 3056 nisi
508 2985 784 3081 Aristophanem
800 2984 914 3080 legere
929 2984 1085 3072 daretur,
1100 2987 1157 3055 vix
1170 3001 1290 3056 mente
1304 2989 1496 3084 concipere
1511 3003 1619 3083 atque

291 3111 474 3203 imaginari
492 3134 690 3204 possemus.
717 3112 769 3177 De
789 3107 856 3178 hac
875 3132 988 3205 prope
1014 3108 1167 3178 dixerim
1192 3134 1265 3178 non
1285 3111 1362 3179 sine
1386 3110 1544 3205 quadam
1567 3112 1618 3179 in·

287 3230 377 3321 juria
409 3231 636 3325 pronuntiari
664 3229 763 3324 quud
791 3243 884 3299 recte
907 3229 953 3299 de
978 3231 1155 3299 ceteris«
1184 3254 1261 3300 esse
1292 3230 1438 3326 aliquod
1468 3255 1618 3325 poeseos

288 3378 402 3445 genus
430 3384 445 3416 n
475 3354 580 3422 :imo
608 3351 784 3421 comoedia
810 3352 958 3447 antiqua
985 3366 1039 3422 est
1067 3352 1179 3422 totius
1202 3376 1352 3449 poeseos
1386 3369 1422 3421 et
1448 3354 1616 3422 omnium

288 3500 459 3568 generum
476 3470 576 3571 qu'asi
594 3476 787 3543 bacchanal
796 3502 810 3558 ;
831 3474 920 3544 nihil
938 3476 1036 3545 enirn
1056 3476 1093 3544 in
1106 3475 1210 3570 epico
1224 3477 1383 3545 carmine
1398 3476 1620 3571 expromitur

289 3621 393 3691 grave
409 3612 443 3667 et
455 3596 679 3691 jucundum,
698 3596 786 3666 nihil
803 3598 839 3668 in
858 3596 969 3691 lyrico
984 3596 1095 3692 spirat
1110 3596 1265 3666 sublime
1279 3612 1315 3665 et
1331 3595 1507 3665 divinitus
1521 3596 1618 3666 allla·

291 3710 385 3803 tum,
413 3719 504 3790 nihil
523 3719 693 3815 tragoedia
719 3719 880 3815 loquitur
906 3719 1039 3789 elatum
1061 3735 1096 3788 et
1119 3742 1302 3803 severum,
1328 3719 1439 3813 elegia
1456 3718 1564 3788 molle
1584 3733 1616 3789 et
1687 3738 1690 3744 ·

291 3852 475 3928 tenerum,
503 3842 592 3937 quin
611 3839 737 3910 eadem
753 3842 889 3927 omnia,
916 3865 1044 3911 sensus
1071 3838 1219 3910 eosdem
1243 3857 1278 3910 et
1304 3840 1450 3912 eosdem
1469 3838 1618 3923 modos,

291 3963 496 4034 ludibunda
523 3979 666 4034 resonet
689 3963 876 4034 comoedia.
899 3962 1156 4034 Archilochum
1181 3979 1302 4033 autem
1318 3962 1464 4034 imbibit
1485 3978 1615 4043 totum.

289 4089 366 4156 lam
378 4110 462 4155 vero
474 4100 612 4156 aetatem
626 4100 765 4181 reputa,
782 4109 853 4181 qua
867 4089 1067 4182 πάμφθογγον
1082 4085 1153 4156 hoc
1163 4074 1287 4182 ‹lpqsiov
1303 4085 1495 4182 pulsabant
1506 4100 1619 4181 poetae

292 4208 595 4305 ingeniosissimi:
615 4223 668 4278 est
691 4208 863 4278 nimirum
887 4207 1089 4279 immortale
1111 4208 1199 4278 illud
1224 4208 1413 4294 saecrrlum,
1435 4208 1620 4279 aPersicis

292 4331 395 4402 bellis
407 4331 452 4401 ad
469 4331 579 4401 linem
593 4329 902 4426 Peloponnesiaci,
918 4354 992 4425 quo
1002 4330 1133 4400 saeculo
1143 4331 1245 4424 graeci
1261 4330 1371 4400 animi
1385 4330 1437 4398 vis
1454 4328 1618 4398 faecunda

292 4455 427 4524 fructus
450 4454 600 4550 protulit
618 4452 724 4546 longe
746 4451 947 4522 uberrimos
968 4468 1002 4522 et
1022 4454 1317 4538 venustissimos,
1338 4452 1445 4521 etiam
1473 4475 1618 4533 eorum,

290 4600 369 4669 quae
385 4576 564 4669 posterius
578 4574 789 4656 floruerunt,
807 4589 884 4642 tum
897 4573 1046 4667 quidem
1060 4597 1232 4669 spargens
1248 4574 1398 4657 semina,
1412 4571 1508 4641 velut
1524 4573 1619 4641 Peri·

291 4697 362 4766 cles
378 4696 593 4791 eloquentiae
607 4721 628 4767 a
643 4694 890 4766 Demosthene
906 4711 1176 4767 consummatae.
1193 4695 1290 4766 Nihil
1311 4697 1419 4791 igitur
1435 4694 1619 4779 omnium,

290 4843 528 4915 quecumque
550 4843 613 4914 per
628 4818 718 4888 illud
735 4834 877 4914 tempus
892 4818 1045 4912 agitabat
1067 4818 1340 4888 Atheniensium
1356 4840 1458 4886 mens
1474 4815 1618 4885 vividis·

290 4923 399 5027 sima,
415 4940 522 5028 nihil,
544 4942 707 5037 inquam,
723 4939 880 5010 alienum
897 4955 970 5010 erat
991 4966 1009 5009 a
1029 4938 1229 5010 comoedia:
1249 4963 1387 5036 semper
1408 4937 1490 5034 vigil
1513 4953 1620 5033 atque

290 5062 415 5132 alacris
440 5079 570 5133 cuncta
595 5062 832 5159 pervadebat,
861 5087 935 5132 non
964 5062 1083 5144 solum
1109 5085 1229 5133 rerum
1255 5060 1482 5158 publicarum
1510 5058 1620 5128 admi-

291 5185 566 5271 nistrationem,
584 5183 649 5253 sed
672 5208 807 5270 mores,
829 5184 892 5253 sed
907 5183 1113 5279 religiones,
1130 5187 1322 5263 musicam,
1339 5182 1487 5277 poesin,
1503 5179 1620 5276 philo·

290 5306 466 5402 sophiam.
487 5312 529 5376 lu
547 5307 645 5376 hisce
660 5306 833 5377 onmihus
851 5330 930 5403 quae
945 5331 1177 5403 quocumque
1195 5304 1367 5375 modoad
1391 5305 1518 5373 vitium
1542 5326 1619 5398 spe·

289 5443 383 5498 ctare
399 5429 607 5499 viderentur
617 5428 673 5498 vel
686 5430 754 5525 ipsi
765 5419 902 5525 populo
914 5428 970 5499 vel
983 5444 1098 5525 poetae
1112 5429 1276 5525 partibus
1291 5425 1511 5523 quibusdam
1527 5426 1563 5494 in
1581 5448 1618 5493 re

291 5547 437 5644 publica
456 5548 511 5620 vel
531 5550 704 5621 litteraria
716 5548 880 5636 addicta,
891 5575 932 5620 ea
947 5550 1076 5622 vividis
1092 5550 1276 5622 coloribus
1294 5549 1435 5646 depicta
1449 5564 1485 5617 et
1502 5548 1608 5617 latis·

289 5674 388 5743 simis
410 5672 620 5745 fictionibus
645 5688 851 5768 exaggerata
867 5675 905 5743 in
927 5698 1032 5744 scena
1057 5674 1347 5745 exhibebantur:
1373 5688 1412 5742 ut
1434 5671 1493 5741 illa
1511 5674 1619 5740 etiam

288 5820 368 5891 quas
383 5795 536 5867 calidius
551 5812 588 5867 et
606 5821 670 5891 per
689 5795 915 5866 manifestam
930 5798 1158 5892 iniquitatem
1169 5798 1362 5891 jactantur,
1380 5788 1447 5865 no‘s
1466 5793 1619 5864 doceant

289 5920 439 6013 quinam
464 5922 571 5990 certis
590 5919 815 6015 temporibus
838 5918 973 5990 fucrlnt
998 5922 1111 5990 animi
1132 5922 1304 5989 mobilium
1326 5902 1606 6013 Cecropidasum

289 6042 347 6112 Sic
364 6042 463 6140 quod
479 6043 585 6137 vulgo
604 6041 714 6112 fertur
735 6042 780 6111 de
793 6040 988 6131 comoedia,
1006 6073 1021 6105 a
1039 6068 1116 6114 esse
1137 6046 1216 6113 vitre
1233 6042 1425 6136 imaginem
1447 6057 1482 6111 et
1508 6041 1618 6135 magi·
