4084 8009
277 1557 334 1608 tat

321 1691 403 1772 κριοῦ
419 1686 446 1745 τ’
465 1680 579 1771 ὄρχεις,
592 1679 711 1769 χόλικές
727 1701 759 1740 τε
774 1678 857 1758 βοὸς,

275 1785 295 1852 5
322 1784 425 1878 κρανία
445 1784 472 1849 τ’
489 1785 603 1874 σίρνῶν,
623 1780 725 1856 νῆστίς
742 1776 757 1812 *
774 1788 802 1845 τ’
825 1780 940 1871 ἐρίφου,

322 1895 440 1985 γαστύρ
451 1916 483 1955 τε
492 1892 598 1982 λαγὼ,
611 1889 705 1979 φύσκη
718 1936 726 1970 ,
739 1880 868 1980 [χορδη,
881 1883 890 1979 Ι
902 1888 1053 1976 πνεύμων,

322 1994 437 2090 {ribaria
452 1989 517 2087 τε]

272 2125 364 2198 Coqui
376 2122 462 2179 verba
471 2120 508 2176 ad
517 2119 740 2187 convivantem,
753 2129 785 2172 ut
797 2116 920 2173 videtur.
934 2118 1022 2173 Versu
1040 2135 1050 2170 1

274 2210 402 2268 τούτοισιν
416 2212 554 2265 Kustems
567 2225 622 2280 pro
636 2203 747 2269 τούτοις.
764 2207 797 2262 V.
812 2202 828 2259 5
840 2201 927 2281 ἐρίφου
942 2214 1057 2260 antece-

274 2300 358 2356 dente
369 2295 480 2377 ἐρίφων,
493 2297 564 2369 quin
577 2294 710 2351 affectum
726 2294 778 2368 sit,
798 2294 845 2348 vix
863 2292 990 2361 dubites,
1006 2290 1058 2347 sed

274 2389 425 2462 genuinam
454 2403 556 2440 vocem
576 2401 635 2439 non
657 2384 790 2457 reperio;
821 2399 915 2455 neque
943 2379 1059 2436 ferenda

273 2485 344 2548 puto
358 2469 480 2550 χορδλει
493 2470 574 2536 ἀλλᾶς
580 2470 662 2544 juxta
671 2468 768 2551 φύσκη,
780 2481 809 2528 et
821 2469 937 2527 fortasse
950 2479 1060 2527 utrum·

274 2579 331 2636 que
344 2560 508 2619 delendum,

653 2674 680 2711 a.

315 2773 395 2828 ldem
411 2771 440 2840 3,
453 2790 485 2845 p.
503 2772 556 2826 108
566 2811 575 2839 ,
585 2773 611 2825 Α
626 2786 634 2827 2
649 2764 707 2826 ἔστι
718 2767 746 2825 δὲ
765 2768 810 2827 καί
822 2767 895 2847 ἰχθύς
911 2790 949 2833 τις
959 2764 1059 2836 ἥπατος

274 2855 448 2931 καλούμενος,
468 2854 496 2914 ὅν
514 2877 578 2936 φησι
592 2857 606 2916 δ
620 2853 697 2921 αύτδς
713 2856 745 2915 Ε.
765 2857 792 2913 ἐν
807 2855 932 2914 Λάκωσιν
946 2848 963 2922 ἢ
981 2851 1058 2932 Λήδα

274 2947 321 3003 οὐκ
334 2943 404 3023 ἔχειν
419 2942 515 3023 χολὴν,

374 3099 422 3111 -
434 3065 501 3127 Ούκ
519 3062 578 3146 ᾤου
593 3061 627 3125 σύ
643 3085 680 3151 με

323 3170 417 3256 χολὴν
433 3167 531 3257 ἔχειν,
548 3170 587 3242 ὡς
602 3159 633 3230 δ’
647 3163 759 3251 ἡπάτῳ
777 3190 827 3257 μοι
846 3158 996 3255 διελέγου·

329 3274 390 3364 ἐγὼ
408 3265 443 3337 δι’
458 3269 539 3363 τείμὶ
549 3279 609 3338 τῶν
625 3272 829 3364 μελαμπύγων
843 3272 879 3362 γε’
892 3294 950 3346 τις.
1033 3257 1038 3263 ’

275 3404 363 3458 Versu
381 3420 391 3457 r
406 3401 473 3456 libri
485 3397 537 3480 ᾤου
552 3422 603 3477 με,
614 3401 717 3457 hausto
727 3396 759 3458 οδ
770 3422 787 3457 α
799 3402 884 3458 simili
894 3401 989 3458 vicino
1002 3420 1063 3456 -ου,

275 3491 367 3547 Sensit
387 3489 513 3550 Pomon,
538 3491 579 3545 De
599 3489 704 3563 bepato
722 3490 800 3563 pisce
820 3490 876 3545 boc
894 3507 954 3544 non
976 3488 1065 3544 tradit

275 3576 443 3641 Aristoteles
454 3579 493 3634 ll.
510 3579 545 3634 Α.
565 3595 596 3651 α,
619 3595 665 3634 12.
676 3579 711 3635 V.
726 3576 840 3652 3vulgo
855 3572 908 3650 ἐγὼ
927 3570 956 3631 δί
973 3574 999 3650 γ’
1009 3572 1064 3648 εἰμὶ

277 3665 329 3721 τῶν
342 3687 373 3740 μ.
389 3660 439 3721 ἔτι.
453 3666 538 3720 Posui
556 3660 584 3720 δδ
596 3660 683 3740 aulul,
702 3666 721 3719 i.
735 3682 761 3723 e.
777 3662 806 3721 δι’
819 3685 858 3721 τοι
873 3659 937 3738 εἰμί.
957 3662 1007 3742 (In
1020 3663 1063 3719 la-

277 3755 341 3810 tinis
348 3754 565 3828 nigripodicum,
574 3763 607 3808 ut
614 3749 706 3810 simile
714 3754 902 3827 compositum
913 3754 1065 3826 nigricolor

277 3841 355 3916 apud
368 3842 498 3897 Solinum
508 3859 572 3915 cap.
591 3841 638 3915 α.)

655 3955 682 4012 3.

317 4069 396 4126 ldem
409 4088 440 4145 9,
455 4088 485 4147 p.
502 4068 572 4138 380,
588 4071 611 4127 F
627 4089 634 4124 ε
652 4066 697 4125 ε’πὶ
710 4065 809 4133 τούτοις
826 4070 840 4124 ὁ
855 4066 978 4145 μάγειρος
993 4066 1061 4147 ἔφη,

279 4158 353 4227 ,λέξω
367 4158 451 4216 τοίνυν
466 4155 540 4235 κάγὼ
555 4157 604 4215 ούκ
619 4154 732 4234 ἀρχαίαν
745 4155 870 4226 ἐπίνοιαν,
883 4153 941 4211 ἀλλ’
957 4154 1063 4232 εύρησιν

209 4270 216 4286 ·
278 4246 355 4323 ἐμὴν,
368 4245 411 4303 ἵνα
429 4246 467 4319 μὴ
479 4249 493 4304 ὁ
504 4243 621 4317 αὐλητὴς
638 4244 742 4318 πληγὰς
755 4242 861 4321 iddare
876 4239 926 4320 γδιρ
940 4242 974 4301 E.
988 4243 1015 4299 ἐν
1031 4245 1062 4327 Αἶ

278 4333 386 4415 illle
398 4332 463 4414 ἔφη,

375 4489 420 4497 -·
436 4443 513 4515 Ᾰλλ’
532 4449 702 4539 ἠκούσαμεν

325 4553 375 4619 καὶ
392 4564 500 4640 τοῦτο,
512 4558 545 4629 νὴ
556 4560 612 4628 τήν
630 4549 760 4640 Ἑστίαν,
773 4549 849 4619 οἴκοι
860 4550 940 4637 πού,
955 4556 1011 4633 ὡς,

325 4663 371 4725 ὄπ’
388 4655 423 4724 ἂν
437 4666 452 4726 ύ
468 4660 606 4753 μάγειρος
621 4656 794 4752 ἐξαμάρτῃ,
813 4662 982 4740 τύπτεται,

332 4770 372 4841 ὥς
389 4791 496 4856 φασιν,
512 4770 645 4843 αὐλητὴς
658 4772 729 4857 παρ’
745 4772 824 4857 ὑμῖν.

226 4926 230 4934 ·
280 4896 368 4950 Versu
388 4891 403 4946 3
422 4886 461 4947 δι’
478 4890 628 4965 (haustum
643 4891 766 4946 inlibris
786 4891 822 4946 ab
841 4891 875 4954 ὣς
893 4891 1062 4965 praegresso)

279 4980 358 5035 addit
367 4978 509 5048 Dindorf.,
519 4998 608 5052 quum
618 4980 723 5035 Coraes
734 4976 774 5033 δυ’
785 4974 818 5033 δν
825 4997 879 5052 pro
890 4979 926 5044 ὡς
936 4974 966 5033 δν
977 4981 1063 5035 scribi

211 5108 214 5112 .
277 5068 418 5138 jussisset,
440 5084 592 5141 perperam
614 5068 662 5122 ille
682 5085 801 5139 sequens
820 5067 988 5139 impressos,
1013 5068 1063 5139 qui

281 5153 439 5208 obtrudunt
470 5149 632 5228 κακύμετρον
659 5154 779 5209 verbum
802 5150 955 5211 τύπτεσθαι.
983 5156 1062 5212 Libri

281 5241 324 5314 bc
337 5235 473 5298 τύπτεται.
491 5244 524 5297 V.
545 5246 561 5305 4
578 5240 645 5295 libri
663 5237 740 5315 φησίν
761 5251 789 5296 et
808 5242 889 5314 ἡμῖν,
914 5263 976 5316 quae
997 5263 1061 5299 cor·

315 5411 342 5459 et
356 5406 448 5462 arietis
459 5407 595 5475 testiculi,
611 5415 639 5464 et
649 5408 775 5465 intestina
786 5410 879 5475 bovis,

281 5500 298 5548 5
317 5495 456 5566 capitaque
469 5510 625 5567 agnorum,
642 5537 709 5563 .....,

316 5589 343 5635 et
359 5580 458 5652 leporis
472 5591 575 5648 venter,
591 5581 742 5646 farcimen,
756 5580 859 5653 pulmo.

661 5689 686 5737 2.

318 5799 349 5807 -
362 5770 423 5824 Non
438 5776 516 5839 putas
534 5777 564 5825 tu
577 5786 621 5825 me

283 5854 365 5909 bilem
377 5855 491 5923 babere,
509 5856 557 5913 sed
568 5858 644 5914 velut
655 5858 784 5929 bepatam
797 5872 840 5912 me
851 5858 1018 5930 cornpellasti
1031 5878 1038 5923 3

283 5955 333 6010 ego
348 5956 412 5996 vero
425 5957 485 5996 sum
498 5959 570 5999 unus
582 5944 795 6015 nigripodicum.

664 6036 689 6085 3.

320 6140 352 6148 -
365 6108 419 6165 Sed
429 6109 582 6186 audivimus
717 6094 721 6102 ¹

283 6197 335 6251 boc
350 6212 467 6267 quoque,
484 6212 530 6266 per
542 6202 651 6256 Vestam
663 6243 670 6267 ,
684 6200 756 6256 «lomi
771 6201 835 6256 olim
849 6221 856 6256 ε

284 6299 462 6355 quaecumque
470 6293 562 6354 peccat
573 6302 676 6357 mquus
687 6330 694 6354 ,
707 6290 814 6361 vapulat
825 6331 831 6355 ‚

283 6378 313 6424 ut
328 6370 419 6439 ajunt,
433 6367 507 6442 apud
523 6385 569 6426 vos
584 6372 697 6429 tibicen.

805 1541 941 1601 bfllllldl
960 1494 1174 1603 cuttOEmAE'
1192 1541 1398 1614 llELlQUlAE.

1106 1676 1177 1729 rexit
1188 1675 1318 1739 Grotius3
1333 1669 1448 1740 αὐλητὴς
1462 1684 1554 1726 autem
1564 1716 1571 1739 ‚
1583 1690 1636 1744 pro
1652 1672 1666 1725 δ
1680 1671 1740 1729 att.
1755 1675 1889 1743 Μουκία,

1106 1764 1154 1835 qui
1170 1762 1206 1817 de
1220 1761 1375 1836 proverbio
1391 1760 1500 1814 confert
1512 1761 1632 1832 l‘lrilyllii
1647 1757 1739 1824 Πολεις
1750 1803 1757 1829 ,
1770 1763 1802 1817 fr.
1819 1784 1846 1820 a.

1484 1863 1511 1922 4,

1146 1969 1225 2026 ldem
1242 1991 1286 2043 ιι,
1296 1991 1328 2045 p.
1338 1970 1411 2037 460,
1427 1972 1448 2024 E
1458 1989 1464 2023 ε
1477 1964 1578 2045 εἴρηται
1588 1966 1616 2024 δί
1629 1968 1710 2034 οὕτως
1727 1970 1889 2045 (κυλικεῖον)

1108 2057 1125 2125 ἦ
1139 2058 1191 2113 τῶν
1207 2055 1336 2135 ποτηρίων
1350 2054 1506 2125 σκευοθήκη.
1575 2058 1607 2115 Ε.
1624 2057 1646 2114 δ’
1659 2059 1686 2114 ἐν
1698 2058 1789 2136 Λήδᾳ,

1204 2212 1251 2221 -
1265 2167 1393 2263 ίλσπερεὶ
1409 2163 1543 2264 σπουδῇ,
1561 2162 1662 2248 διδοὺς

1155 2282 1184 2345 ἐν
1198 2288 1243 2364 τῷ
1260 2275 1398 2363 κυλικείῳ
1413 2281 1585 2369 συντέτριφε
1601 2276 1641 2343 τὰ
1656 2280 1793 2369 ποτήρια.

1107 2408 1187 2466 Libri
1201 2406 1335 2463 mendose
1350 2402 1459 2484 Ὥσπερ
1478 2402 1591 2473 σπονδὴν
1606 2405 1657 2464 διδ.
1682 2409 1800 2462 Porson.
1813 2392 1891 2463 ΙὩσ-

1107 2492 1188 2573 πιριί.
1202 2497 1236 2552 Vz
1251 2514 1268 2549 a
1284 2491 1434 2573 συντέτριφε
1451 2497 1583 2551 molliore
1593 2507 1684 2551 metro
1699 2495 1786 2570 Bpro
1799 2495 1891 2552 συντέ-

1107 2604 1207 2661 τριφεν,
1223 2593 1357 2657 tanquam
1373 2581 1551 2638 festinatione
1571 2584 1672 2656 aliquis
1684 2584 1805 2656 pocula,
1821 2582 1890 2638 dum

1108 2690 1141 2728 ea
1151 2671 1247 2728 reddit
1260 2672 1440 2744 collocatque
1452 2672 1481 2725 in
1492 2671 1598 2740 abaco,
1614 2671 1764 2746 confregit.

1338 2799 1480 2859 XXVlll.
1503 2797 1659 2858 ΜΗΔΕΙΑ.

1149 2930 1252 2987 Athen.
1276 2949 1303 2998 7,
1319 2946 1350 3001 p.
1367 2927 1474 2999 3oo,C
1496 2946 1502 2980 ι
1519 2923 1558 2981 ύτι
1577 2924 1599 2982 δ’
1614 2924 1703 2997 ἤσθιον
1714 2923 1760 2990 τδις
1779 2925 1893 3003 ἐγχελεις

1073 3048 1081 3064 ·
1110 3012 1156 3072 καί
1175 3011 1242 3089 μετδ
1261 3011 1375 3072 τεύτλων
1397 3010 1588 3084 ἐντυλίξαντες,
1610 3010 1677 3069 πολύ
1699 3011 1748 3089 μίν
1769 3014 1825 3071 ἔστι
1846 3015 1892 3072 καί

1109 3099 1183 3180 παρδι
1194 3103 1246 3167 τοῖς
1257 3099 1375 3179 ἀρχαίοις
1386 3108 1523 3177 κωμικοῖς,
1539 3100 1584 3157 καὶ
1598 3103 1632 3160 Ε.
1643 3098 1672 3157 δέ
1685 3123 1762 3178 φησιν
1772 3103 1799 3158 ἐν
1813 3100 1894 3179 Ἠχοῖ

1112 3231 1161 3259 ...,
1173 3187 1219 3247 καί
1231 3189 1258 3246 fv
1271 3186 1391 3267 Μηδείᾳ,

1135 3309 1269 3380 ·Τεῠτλ’
1290 3314 1502 3406 ἀμπεχομένης
1517 3313 1658 3408 παρθένου
1676 3312 1819 3389 Βοιωτίας

1159 3413 1326 3506 Κωπᾷδος·
1343 3414 1502 3508 ὀνομάζειν
1519 3416 1577 3511 γὰρ
1593 3410 1735 3510 αἰδοῦμαι
1752 3419 1831 3484 θεάν.
1862 3473 1865 3478 .

1109 3545 1202 3603 Verba
1217 3542 1313 3604 'felicit'
1328 3544 1397 3618 ἀμπ.
1410 3542 1544 3601 addenda
1557 3562 1615 3599 esse
1628 3543 1703 3598 vidit
1722 3543 1839 3600 Crsaub.

1322 3670 1429 3731 XXlX.
1454 3671 1663 3731 ΜΥΛΩΘΡΙΣ.

1149 3800 1253 3855 Athen.
1275 3812 1321 3869 ιι,
1334 3819 1364 3874 p.
1378 3806 1454 3873 494,
1469 3798 1493 3856 Ε
1508 3817 1514 3851 :
1530 3771 1687 3872 μνημονίύει
1697 3794 1723 3852 δὲ
1736 3796 1781 3851 τοῦ
1794 3790 1893 3860 diciri-

1109 3886 1173 3964 φον,
1185 3888 1220 3951 ὡς
1231 3884 1371 3964 ποτηρίου,
1387 3884 1432 3943 καί
1444 3886 1476 3943 E.
1492 3884 1520 3939 ίν
1535 3881 1693 3961 Μυλωθρίδι,

1207 4044 1256 4057 -
1273 3999 1396 4070 Κάπιον
1414 3999 1505 4091 χωρὶς
1523 4001 1631 4090 μέτρου

1159 4103 1307 4202 niliaco
1324 4108 1364 4185 εἰς
1382 4110 1418 4173 τὸ
1433 4105 1544 4172 κοινύν·
1567 4101 1619 4172 εἷθ’
1636 4107 1796 4195 ὑπώμνυτο

1160 4217 1243 4308 ὁμὲν
1258 4212 1334 4292 οἶνος
1350 4213 1415 4295 ὄξος
1436 4213 1527 4277 αὑτὸν
1546 4206 1620 4277 εἶναι
1638 4214 1770 4303 γνήσιον,

1160 4324 1196 4388 τὸ
1209 4316 1237 4387 δ’
1255 4316 1319 4398 ὅξος
1340 4316 1418 4387 οἶνον
1433 4318 1507 4384 αὐτὸ
1524 4321 1641 4406 μᾶλλον
1659 4317 1792 4405 θατέρου.

1111 4451 1191 4509 Libri
1203 4469 1286 4506 versu
1300 4468 1310 4503 ι
1331 4444 1386 4505 Καὶ
1398 4444 1466 4503 πιεῖν
1486 4465 1515 4522 χ.
1537 4441 1641 4520 μέτρῳ,
1652 4440 1893 4514 quomadmodum

1112 4550 1168 4616 ορεῑ
1182 4558 1227 4601 αι,
1245 4558 1267 4593 ει
1277 4546 1305 4591 et
1319 4557 1347 4592 ον
1362 4545 1391 4591 ct
1403 4556 1444 4604 ου,
1460 4554 1489 4589 ου
1507 4543 1536 4588 ct
1555 4554 1592 4601 ω,
1608 4532 1709 4606 passim
1724 4537 1894 4583 commutata

1111 4627 1224 4681 suntin
1246 4623 1488 4683 libris-Ridicule
1510 4624 1586 4677 enim
1607 4623 1739 4677 Comicus
1761 4637 1896 4693 personas

1114 4712 1197 4768 finxit
1213 4715 1314 4769 Vinum
1325 4722 1353 4767 et
1365 4715 1501 4780 Acetum,
1516 4728 1574 4765 una
1585 4710 1715 4765 bibentes
1731 4708 1851 4782 cupide,
1866 4720 1895 4760 rt

1112 4802 1255 4857 inebriatae
1277 4802 1384 4856 sincere
1400 4799 1563 4872 judicantes
1590 4812 1701 4873 potum.
1724 4800 1756 4852 V.
1784 4797 1799 4849 3
1823 4807 1850 4850 et
1876 4804 1891 4860 4

1112 4887 1189 4945 αὑτὸν
1199 4899 1227 4943 et
1238 4886 1301 4944 αὑτὸ
1312 4907 1368 4961 pro
1381 4886 1459 4943 αὐτὸν
1472 4898 1499 4943 et
1511 4886 1574 4942 αὐτὸ
1585 4887 1714 4943 Dindorf.

1341 5064 1344 5067 >
1379 5024 1470 5083 XXX.
1495 5024 1626 5081 ΜΪΣΟΙ.

1151 5157 1253 5213 Arbon.
1280 5174 1326 5225 ιι,
1345 5175 1375 5230 p.
1394 5162 1462 5225 417,
1483 5158 1508 5210 D
1531 5174 1538 5212 :
1559 5153 1585 5208 ἐν
1598 5151 1625 5209 δὲ
1644 5159 1696 5217 τοῖς
1712 5152 1809 5215 Μυσοῖς
1832 5150 1894 5226 πρὸς

1113 5240 1156 5299 τὸν
1169 5241 1302 5320 Ἡρακλέα
1320 5249 1387 5299 ποιεῖ
1403 5264 1460 5298 τινα
1471 5241 1532 5297 τάδε
1545 5239 1667 5315 λέγοντα,

1486 5417 1512 5463 t.

1147 5544 1181 5553 ω
1194 5514 1279 5583 Quasi
1289 5511 1457 5576 festinando,
1468 5527 1571 5584 ponens

1114 5600 1140 5655 in
1156 5600 1241 5656 abaco
1252 5598 1348 5671 poeula
1359 5596 1503 5670 confregit.

1430 5702 1567 5757 MEDEA.

1113 5804 1185 5860 Betis
1201 5804 1320 5860 involuta
1336 5802 1440 5874 virgine
1453 5803 1555 5857 Bmotia

1112 5890 1232 5963 Copaide
1243 5908 1250 5941 τ
1262 5890 1341 5946 deam
1354 5890 1428 5945 enim
1442 5905 1536 5944 vereor
1548 5887 1697 5942 nominare.

1404 6010 1600 6066 blOLlTRlX.

1149 6144 1182 6153 -
1196 6115 1230 6167 Et
1240 6110 1370 6167 bibebant
1382 6111 1441 6166 siue
1452 6111 1533 6166 modo

1113 6200 1281 6256 acetabulum
1292 6215 1362 6264 una,
1376 6198 1439 6254 dein
1449 6197 1558 6269 iurabat

1114 6287 1206 6341 vinum
1217 6285 1344 6357 quidem,
1357 6301 1385 6340 se
1400 6300 1491 6339 verum
1503 6290 1609 6338 aretum
1621 6295 1695 6341 essm

1112 6380 1219 6429 acetum
1231 6380 1339 6436 autem,
1353 6386 1381 6427 se
1397 6370 1482 6439 magis
1496 6369 1589 6424 viuum
1602 6380 1660 6422 esse
1670 6379 1751 6435 quam
1765 6364 1890 6418 alterurn.
