4084 8009
217 1544 270 1592 tus

212 1679 238 1722 cl
260 1668 338 1740 ipsud
358 1668 472 1722 θίιοίίιιο1
491 1686 521 1740 p.
550 1668 618 1736 273,
636 1666 662 1734 3,
686 1684 718 1720 σι
737 1666 875 1741 Eupolide
891 1667 993 1735 allen,

214 1754 332 1828 μνήσατο
344 1774 360 1811 a
372 1759 504 1830 μνᾶσθαι,
519 1756 634 1807 crudire.
656 1780 666 1802 ο

582 1887 627 1936 77·

252 1982 376 2040 Granum.
402 1981 520 2036 Bekkcci
545 1981 654 2038 Anccd.
671 2000 700 2054 p.
730 1981 803 2050 372,
823 1982 859 2050 6,
882 1978 995 2037 Ἀκού-

212 2091 288 2124 οντα
303 2068 423 2145 άριστα
448 2090 453 2122 :
480 2067 536 2125 ἀντί
558 2072 604 2124 τοῦ
627 2065 834 2146 εθφημοόμενον.
858 2066 996 2145 Ἡρόδοτος

215 2158 257 2228 (θ,
269 2157 306 2230 93
318 2157 343 2233 l,
366 2155 412 2212 καὶ
433 2156 467 2214 Ε.
485 2156 620 2212 Similiter
640 2158 743 2214 Latini.
758 2158 905 2214 Terentius
922 2158 995 2233 prol.

214 2247 326 2303 l'horm.
343 2264 402 2301 20:

250 2344 324 2398 Bcnc
339 2340 420 2398 dictis
432 2342 454 2397 si
469 2350 620 2410 certasset,
632 2343 752 2396 audisset
766 2341 846 2405 benc,

212 2443 229 2496 i.
249 2458 275 2497 e.
299 2439 427 2495 laudatus
442 2450 512 2494 esset
529 2457 544 2493 a
562 2437 656 2494 nobis.

583 2550 630 2621 78.

251 2665 330 2719 Idem
344 2683 374 2738 p.
398 2670 470 2736 θοι,
488 2662 506 2719 8
528 2680 536 2722 :
562 2688 575 2713 ο
592 2660 779 2738 άνεμοςκαὶ
795 2659 927 2740 ὄλεθρος
946 2661 996 2718 άν-

211 2756 336 2825 θροιπος
354 2778 366 2802 »
384 2749 453 2807 πάνυ
468 2753 562 2817 καινῶς
577 2750 680 2829 εἴρηται
693 2752 738 2807 καί
751 2750 880 2827 ἐναργῶς·
898 2748 995 2807 ἔστιδὲ

214 2840 365 2903 Εθπολιδος.
382 2837 411 2895 τὸ
433 2837 480 2912 μὲν
500 2836 550 2916 γὰρ
565 2838 682 2914 ἄνεμος
705 2838 779 2907 δηλοῖ
800 2836 844 2893 τὸν
858 2840 995 2913 πανταχοῦ

211 2928 349 3004 φερόμενον
361 2924 458 3001 άνέμου
470 2925 594 2999 δίκην,,..
611 2925 640 2984 τό
654 2923 681 2983 δὲ
693 2924 823 3003 ὄλεθρος
834 2925 878 2981 καὶ
892 2923 996 2997 ὀλέθρου

211 3013 281 3080 ἄξιον
304 3012 350 3072 καί
383 3013 525 3080 ἀπωλείας.
555 3014 732 3088 Phrynichus
761 3016 850 3088 Praep.
876 3013 994 3086 sophist.

212 3124 240 3176 p.
265 3103 310 3178 13,
326 3105 359 3159 31
376 3122 383 3161 :
399 3101 519 3178 άνεμος
538 3100 592 3158 καὶ
610 3103 741 3180 ὄλεθρος
756 3099 932 3178 ἄνθρωπος.
946 3096 996 3158 Εὖ·

210 3193 295 3258 πολις.
312 3194 500 3250 Restituamns
513 3192 684 3248 versiculos:

259 3349 308 3358 -
326 3305 435 3400 ἄνεμος
451 3308 598 3399 κῶλεθρος

259 3413 424 3507 ἅνθρωπος.

582 3553 627 3607 79·

254 3652 395 3723 llarpocr.
417 3669 446 3723 p.
471 3657 499 3717 Ις,
516 3648 543 3717 6,
558 3645 713 3722 Ἀγυιᾶςτ
733 3644 795 3702 ἔνιοι
813 3648 860 3720 μὲν
881 3644 996 3711 ὀξύνουσι

212 3735 331 3805 θηλυκῶς
353 3736 486 3816 χρώμενοι
515 3736 591 3813 (scil.
612 3733 712 3810 ἀγυιάς.
730 3734 855 3809 Helm),
874 3724 926 3792 οἷον
951 3732 996 3800 τθς

212 3821 296 3888 ὁδούς·
313 3825 414 3902 βέλτιον
429 3822 457 3881 δὲ
476 3830 619 3901 περισσάν,
636 3824 672 3889 ὡς
690 3820 801 3879 ἀπὸτοῦ
820 3821 925 3899 αἰγανέας
945 3823 996 3897 (ab

214 3910 326 3987 Ἀγυιεύς
335 3911 359 3989 l,
372 3914 406 3977 ὡς
416 3909 496 3989 σαρὲς
507 3914 625 3967 ποιοῦσιν
638 3907 823 3988 Ἀριστοφάνης
834 3932 863 3966 τε
873 3911 899 3968 ἓν
912 3908 996 3989 Σφηξὶ
1059 3943 1067 3965 τ

213 4001 315 4075 (842),
330 4000 374 4058 καί
389 4002 421 4059 Ε.
437 4001 537 4075 Steph.
554 4003 668 4074 Byzant.
689 4019 720 4073 p.
735 4018 785 4074 29,
798 4001 825 4055 D
847 4018 854 4053 :
875 3995 995 4075 λέγονται

211 4083 238 4140 δὲ
256 4086 414 4162 (ἀγυιαῖς)
430 4084 562 4145 ὀόελίσκοι
576 4090 640 4151 θεοῖς
664 4084 810 4160 ἀνειμένοι,
832 4086 866 4153 ὡς
886 4086 934 4163 Ε,
952 4084 997 4142 καὶ

211 4171 280 4241 κατὰ
295 4172 442 4255 συναίρεοιν
457 4176 527 4252 (τοῦ)
543 4172 649 4253 ἀγνοίας
664 4174 765 4251 ἀγυιᾶς.

578 4290 624 4347 80.

252 4404 374 4477 llesych.
388 4400 445 4460 Ἀπ’
456 4402 516 4460 ὄνου
528 4400 684 4460 καταπεσών
699 4423 704 4456 :
721 4398 791 4479 (ὡς)
808 4428 820 4451 «
832 4398 884 4456 ἀπὸ
894 4397 994 4474 τόμόου

212 4489 325 4548 πεσών»
345 4490 504 4566 (Aristoph.
528 4495 611 4567 Vesp.
630 4490 720 4567 1319)
736 4486 782 4546 καὶ
801 4490 834 4548 Ε.
856 4514 869 4540 ο
885 4486 997 4565 ὥσπερ

210 4581 261 4635 ἀπ’
277 4578 291 4609 ⁴¹
305 4578 409 4657 ὄχθου
423 4582 506 4649 (fort.
524 4577 576 4636 ἀπό
590 4580 615 4655 γ’
630 4576 724 4656 ὄχθου,
740 4580 760 4632 i.
776 4596 801 4634 c.
813 4574 926 4651 τύμόου)
940 4595 996 4630 πε-

210 4664 289 4737 σὼν,
307 4693 319 4716 υ
341 4656 394 4724 οἷον
418 4667 464 4723 ἀπ’
483 4666 647 4741 ὄνουίΝιὼ.
669 4685 757 4736 1222,
778 4665 827 4720 ubi
842 4686 870 4721 v.
894 4682 960 4720 ann.
974 4663 995 4738 l.

210 4756 319 4813 Zenob.
337 4775 364 4826 α,
379 4755 429 4826 57,
445 4753 501 4813 Ἀπ’
516 4754 575 4813 ὄνου
585 4751 743 4812 καταπεσών
760 4775 767 4809 :
781 4756 798 4822 ἡ
812 4749 942 4831 παροιμία
953 4749 993 4807 τί·

210 4864 305 4898 τακται
319 4841 362 4898 ἐπὶ
381 4845 433 4899 τῶν
450 4840 573 4918 μειζόνων
593 4842 639 4899 καί
660 4841 794 4899 ἀδυνάτων
806 4841 869 4917 (Ρ),
881 4842 915 4905 ὡς
928 4838 999 4917 Ἀρι-

210 4928 338 5008 στοράνης
357 4929 419 4987 οἰπὸ
440 4930 566 5005 τύμάου
584 4928 702 5000 πεσὼν,
725 4929 770 4986 καὶ
792 4930 826 4987 Ε.
854 4955 865 4980 ο
881 4926 998 5007 ὥσπερ

211 5017 274 5073 ἀπὸ
288 5016 364 5094 χοὸς
379 5018 409 5095 ll)
422 5016 544 5076 πεσών.
560 5044 571 5069 ι
593 5025 618 5074 Α
629 5022 734 5075 tuniolo
749 5021 879 5092 delapsus
893 5019 999 5076 dicitur

210 5125 293 5163 sonex
311 5106 488 5184 decrepitus,
502 5107 646 5183 stupidus,
663 5104 715 5164 ἀπὸ
730 5110 773 5164 νοῦ
789 5103 885 5167 πεσών.

579 5218 627 5277 θι.

250 5330 373 5403 llesych.
389 5330 519 5394 Βοῶπις
539 5348 546 5387 t
570 5328 800 5408 μεγαλόρθαλμος,
819 5328 996 5407 εὐόρθαλμος,

212 5414 276 5494 (ὡς)
293 5416 485 5495 μεγαλόφωνος.
506 5416 581 5493 (καὶ)
600 5415 715 5483 Εὔπολις
732 5416 759 5474 δὲ
772 5416 817 5487 τὴν
829 5415 929 5493 Ἥραν.
943 5419 997 5472 lm·

211 5506 347 5561 mittenda
364 5518 445 5562 erant
461 5508 496 5569 ὡς
514 5517 542 5560 ct
559 5504 618 5577 καὶ,
634 5527 670 5563 nc
682 5508 784 5581 nugari
800 5507 998 5581 grammaticus

210 5595 364 5650 videretur.
385 5619 397 5644 ι
413 5595 530 5668 Eupolis
544 5595 580 5651 dc
593 5597 712 5671 Aspasia
726 5596 837 5649 locutus
849 5612 906 5650 esse
918 5594 995 5649 vidc-
1013 5593 1016 5664 l

211 5691 273 5748 tur;
287 5681 324 5739 cl.
337 5681 429 5739 Φιλοιν
443 5681 477 5736 fr.
499 5701 544 5737 11.
559 5707 570 5730 ν
589 5684 629 5737 Μ.

576 5807 626 5868 θα.

250 5918 330 5973 ldcm
344 5918 520 5998 Γαληψός;
539 5918 627 5987 παίζει
649 5918 695 5991 μὲν
707 5920 741 5979 Ε.
759 5918 830 5999 παρὰ
840 5920 870 5976 τὸ
886 5918 993 5994 λαμόά-

210 6025 269 6059 νειν’
284 6003 339 6062 ἔστι
354 6003 433 6062 δὲκαὶ
444 6006 534 6081 πόλις,
550 6007 595 6063 καὶ
606 6006 716 6084 βοτάνης
728 5996 803 6073 είδος.
822 6034 833 6058 ο
850 6008 991 6064 nucleo-

213 6123 372 6133 ’σι-ἡ..-

582 6198 625 6245 78.

245 6318 280 6329 -
300 6292 402 6346 Veritus
417 6308 447 6345 ac
462 6294 591 6363 pernicies

212 6374 302 6429 houm.
473 6385 476 6390 '

721 6127 1051 6136 ..m-‘ow
1065 6126 1257 6133 ..—-———-

707 1532 916 1592 COllOElllAE
937 1532 1102 1592 vsTsuts
1125 1533 1328 1605 ussLlQUtAE.

1042 1685 1105 1720 ncm
1120 1666 1178 1720 huc
1200 1679 1346 1741 spectare,
1370 1670 1420 1742 qui
1443 1678 1472 1722 et
1493 1681 1611 1742 argento
1632 1689 1663 1725 se
1682 1678 1822 1748 corrumpi

1042 1772 1139 1827 passus
1153 1766 1233 1810 estet
1246 1756 1397 1829 Galepsum
1410 1756 1511 1811 urbem
1526 1757 1750 1815 Atheniensibus
1761 1763 1823 1816 suh·

1039 1844 1125 1915 jecit,
1140 1845 1209 1900 vidit
1221 1845 1357 1902 Friusch.
1373 1846 1476 1917 Quaest.
1491 1847 1638 1921 Aristoph.
1667 1867 1695 1918 ι,
1709 1868 1745 1924 γ).
1763 1853 1823 1918 146.

1042 1934 1084 1987 Dc
1096 1932 1150 1986 hac
1167 1932 1247 2001 urbe,
1261 1931 1297 1987 ad
1310 1934 1480 1990 Toronaeum
1489 1936 1584 1991 sinum
1593 1936 1824 2008 Tliasiiscolonis

1043 2019 1173 2090 condita,
1187 2020 1367 2089 Herodotus,
1379 2024 1482 2092 Thuc„
1497 2024 1557 2083 alii.
1574 2049 1587 2075 ν
1603 2026 1686 2083 EM.

1414 2135 1461 2191 83.

1083 2249 1164 2307 Idem
1182 2247 1439 2327 Δαμαρίππεοις
1462 2239 1553 2315 παῖδας
1572 2249 1690 2329 ἰσχάδος.
1714 2254 1749 2312 Ε.
1765 2254 1822 2312 «lu

1043 2334 1149 2391 ficuum
1169 2355 1257 2411 genus
1280 2338 1427 2413 quoddam
1446 2340 1558 2414 vulgari
1571 2359 1704 2397 sermone
1721 2343 1822 2398 dictum

1044 2443 1146 2493 cssc,e
1166 2445 1284 2499 gramm.
1306 2427 1427 2483 Behkcri
1447 2447 1478 2502 p.
1502 2447 1576 2504 ¹¹97
1598 2431 1776 2507 intelligitur.
1792 2434 1820 2488 l.

1044 2512 1177 2569 Dindorl'.
1192 2514 1274 2572 lhos.
1286 2515 1336 2571 Gr.
1351 2514 1382 2569 h.
1399 2535 1427 2573 ν.
1442 2542 1453 2564 υ
1471 2518 1496 2570 E
1506 2518 1549 2572 M.

1406 2637 1455 2702 84,

1082 2754 1163 2810 Idem
1176 2753 1473 2827 Δαμαοικόνδυλον
1491 2777 1498 2811 2
1515 2757 1564 2827 E.,
1581 2758 1616 2822 ὡς
1632 2754 1718 2835 (fort.
1737 2753 1778 2832 ὃς)
1795 2756 1821 2814 ἂν

1043 2840 1087 2899 τὸν
1097 2842 1333 2921 Δαμασίστρατον,
1351 2844 1415 2902 ὄντα
1429 2846 1495 2904 Χῖον
1506 2842 1674 2916 παλαιστὴν,
1684 2844 1767 2912 οὕτως
1779 2848 1821 2904 λε’-
1851 2879 1858 2893 ·

1043 2952 1093 3007 γει.
1110 2957 1121 2981 α
1140 2935 1329 3009 Damasippus
1343 2936 1390 2990 illc
1408 2935 1494 2992 Chius
1511 2934 1628 2991 sortasse
1646 2937 1820 3012 Theopompi

1043 3019 1172 3075 historici
1195 3031 1279 3094 pater
1293 3022 1364 3093 suit,
1385 3022 1499 3095 dequo
1518 3022 1636 3078 Photius
1658 3024 1736 3083 Bibl.
1762 3026 1821 3095 176,

1043 3126 1074 3181 p.
1096 3125 1164 3176 120,
1183 3127 1218 3182 19
1234 3109 1281 3166 ed.
1294 3110 1382 3169 sels.
1397 3136 1408 3158 υ
1422 3112 1464 3165 Μ.

1413 3237 1459 3295 85.

1082 3349 1163 3406 Idem
1174 3346 1275 3408 Ὀνου
1291 3348 1412 3424 γνάθος
1436 3371 1442 3405 :
1463 3349 1550 3426 (sort.
1565 3348 1615 3427 ὡς]
1632 3352 1668 3410 Ε.
1685 3351 1775 3420 παίζει
1792 3354 1822 3417 εἰς

1042 3433 1089 3507 τὴν
1104 3435 1279 3516 πολυφαγίαν.
1301 3436 1396 3494 ἔστιδὲ
1416 3437 1461 3495 καὶ
1474 3438 1551 3506 τόπος
1571 3436 1641 3497 οὕτω
1655 3438 1820 3516 καλούμενος

1042 3524 1162 3582 Photius
1179 3545 1209 3601 p.
1227 3526 1295 3597 337,
1309 3526 1358 3596 23,
1380 3522 1462 3584 Ὀνου
1478 3526 1570 3603 γνάθος
1588 3549 1595 3584 :
1610 3527 1689 3594 τόπος
1702 3531 1751 3600 τῆς
1770 3534 1822 3590 Αε-

1043 3614 1163 3684 κωνικῆς·
1179 3611 1236 3688 ἅμα
1251 3612 1278 3671 δὲ
1291 3615 1326 3681 εἰς
1342 3612 1502 3693 πολυφάγον.

1410 3745 1458 3802 86.

1083 3859 1161 3913 Idem
1173 3858 1258 3915 Σανν
1267 3857 1313 3913 ίον
1330 3879 1336 3913 :
1349 3857 1379 3915 τὸ
1390 3858 1495 3929 αἰδοῖον,
1508 3856 1564 3915 ἀντὶ
1572 3862 1618 3915 τοῦ
1629 3858 1742 3936 κε’ριιιον.
1756 3859 1822 3938 παρά

1043 3947 1117 4023 τοτῇ
1138 3943 1223 4023 κίρκῳ
1241 3942 1349 4007 σαίνειν.
1367 3945 1397 4003 τὸ
1414 3944 1465 4024 γὰρ
1484 3946 1580 4005 αἰδοῖον
1594 3945 1648 4004 ἔσθ’
1666 3944 1711 4004 ὅτε
1728 3946 1822 4026 οὐράν

1043 4031 1148 4109 ἔλιγον,
1162 4036 1197 4099 ὡς
1212 4035 1247 4095 Ε.
1269 4036 1391 4092 «Verba
1411 4031 1485 4112 παρὰ
1500 4033 1531 4092 τὸ
1552 4038 1586 4114 τῇ
1607 4057 1632 4093 κ.
1651 4034 1752 4093 σαίνειν
1770 4056 1822 4093 non

1043 4142 1094 4178 suo
1105 4124 1169 4179 loco
1180 4122 1420 4198 posiujvidentur,
1432 4136 1460 4181 et
1468 4126 1703 4200 spectantpotius
1714 4125 1753 4181 ad
1763 4124 1822 4184 Σοί·

1043 4231 1141 4287 νουροι,
1156 4212 1235 4285 quod
1249 4212 1319 4267 alibi
1333 4212 1455 4286 llesych.
1468 4213 1594 4288 explicat
1605 4210 1664 4278 ταῖς
1674 4212 1765 4286 ὠραῖς
1773 4211 1823 4270 σοι’·

1043 4318 1137 4362 νοντες.
1156 4323 1167 4349 ι
1182 4302 1228 4357 Μ.

1412 4413 1460 4483 87.
1520 4417 1522 4422 '

1083 4525 1258 4602 Phrynichus
1275 4529 1383 4599 Appac.
1398 4525 1517 4600 sophist.
1537 4545 1567 4600 p.
1584 4533 1614 4593 4,
1625 4532 1677 4595 al,
1691 4521 1816 4602 Ἀνωρί·

1043 4618 1138 4684 λητος
1152 4614 1322 4693 ἄνθρωπος
1337 4630 1344 4674 ἱ
1357 4613 1390 4673 Ε.
1407 4611 1455 4689 μίν
1470 4610 1541 4680 ἰδίως
1553 4608 1703 4689 ε’πὶτυῧμὴ
1717 4610 1823 4688 δυναμί·

1044 4700 1113 4772 νουῆ
1130 4703 1166 4773 μὴ
1183 4702 1341 4781 βουλομένου
1354 4704 1532 4779 ὠφεληθῆναι,
1544 4704 1568 4761 οἱ
1582 4700 1609 4759 δὲ
1619 4700 1715 4759 πολλοὶ
1727 4700 1772 4758 ἐπὶ
1783 4704 1821 4759 τοῦ

1044 4791 1081 4869 μὴ
1096 4793 1205 4873 ὠφελεῖν
1219 4788 1364 4860 θέλοντοςῆ
1380 4792 1534 4867 δυναμένου.

1084 5020 1163 5075 Idcm
1173 5040 1201 5093 p.
1216 5018 1267 5089 58,
1283 5038 1326 5087 ιο,
1340 5014 1484 5094 Περίζυξ
1497 5014 1542 5073 καί
1557 5013 1635 5082 άζυζ
1650 5037 1657 5072 ι
1672 5013 1822 5095 Ἆριοτορά·

1042 5130 1088 5176 νης
1102 5106 1146 5163 καί
1159 5108 1191 5165 Ε.

1408 5220 1456 5290 89.

1083 5333 1162 5387 ldcm
1178 5333 1276 5405 Eclog.
1292 5335 1348 5387 su.
1362 5349 1392 5403 p.
1409 5328 1463 5394 145
1482 5348 1487 5381 :
1509 5325 1708 5404 Ζοιρότερον
1720 5328 1736 5383 ὁ
1749 5348 1822 5394 ποιη-

1041 5419 1086 5489 vlt
1100 5420 1196 5496 (Iliad.
1213 5441 1242 5496 9,
1256 5415 1380 5496 αο3),σὺ
1400 5413 1427 5473 δὲ
1442 5412 1502 5493 λε’γε
1518 5412 1667 5489 εὔζωρον
1684 5412 1824 5494 κέρασον

1042 5508 1087 5566 καί
1099 5508 1263 5585 εὐζοιρότε
1274 5527 1340 5581 ρον,
1354 5507 1389 5570 ὡς
1400 5501 1586 5584 Ἀριστοφάνης
1601 5500 1647 5559 καὶ
1662 5500 1696 5562 Ε.

1405 5648 1453 5703 9⁰·

1080 5742 1334 5800 Granumssoldseri
1348 5747 1403 5799 lln.
1413 5760 1442 5816 p.
1455 5739 1524 5810 335,
1539 5738 1592 5808 32,
1610 5736 1675 5813 οίγα
1685 5760 1747 5813 μαι
1760 5735 1824 5795 τοί·

1040 5850 1113 5901 του,
1139 5828 1271 5905 ἄγαμαι
1294 5829 1479 5903 *nepopis
1508 5828 1542 5885 Ε.
1569 5824 1615 5882 καί
1640 5824 1823 5904 Ἀριστοφάνης

1040 5918 1162 5973 «Scribe
1177 5915 1221 5993 άγ.
1234 5913 1417 5993 κεραμέως,
1433 5926 1461 5970 ct
1473 5915 1598 5990 intellige
1612 5913 1821 5989 Hyperbolum.

1040 6009 1070 6061 V.
1087 6007 1235 6062 llist.c1·it.
1250 6007 1329 6062 Corn.
1346 6024 1377 6077 p.
1399 6023 1463 6075 ¹9⁰·
1480 6004 1592 6059 »Mein
1609 6002 1653 6058 lbi
1668 6003 1714 6057 vir
1726 6001 1824 6057 doctus

1479 6115 1818 6130 .....-...——------—-d

1408 6194 1452 6241 80.

1013 6267 1017 6374 l
1076 6322 1104 6329 -
1118 6290 1194 6344 l'clut
1210 6289 1340 6344 alumulo

1012 6379 1017 6442 l
1040 6377 1174 6445 delapsus.
1244 6427 1251 6441 ,
