4084 8009
867 1496 1064 1560 utrumn&

215 1626 315 1707 Atti,
324 1630 492 1724 θεραπεύειν
509 1622 538 1696 δ’
555 1630 651 1716 ἐστὶν,
666 1636 706 1706 ὡς
718 1629 785 1720 ἐμοὶ
794 1622 895 1715 δοκεῖ,

212 1728 397 1830 ἢρυγοίδος,
414 1734 432 1808 ἢ
447 1746 624 1822 πεινῶντος,
643 1735 661 1809 ἢ
676 1735 847 1829 μαστιγίου.

164 1868 272 1935 Aulus,
282 1867 386 1943 regias,
403 1866 520 1940 palatia.

534 1995 580 2036 rr.

203 2092 344 2147 Zenobius
352 2089 491 2148 Proverb.
508 2096 537 2158 l,
560 2087 605 2159 ιθ,
621 2085 660 2148 Ἦ
674 2085 772 2167 κρίνον,
787 2085 804 2158 ἢ
818 2086 946 2146 κολοκύν-

166 2200 214 2248 την
232 2197 238 2233 :
252 2175 283 2234 τὸ
296 2164 345 2246 τῆς
356 2174 512 2248 κολοκύντης
523 2175 599 2241 ἄνθος
607 2178 728 2234 καλεῖται
741 2174 839 2254 κρίνον·
849 2177 946 2249 ἄδηλον

165 2262 205 2342 dd,
217 2265 240 2322 εἰ
254 2262 318 2324 οἴσει
329 2266 438 2342 καρπόν.
454 2263 562 2322 ἔταττον
577 2254 622 2322 ούν
641 2264 671 2321 τὸ
688 2264 838 2342 μίνυκρίνον
850 2265 875 2323 οἱ
891 2267 942 2343 lp-

162 2359 235 2430 χαῑοι
250 2351 293 2410 lul
306 2354 350 2410 τοῦ
370 2350 537 2424 τεθνηκότος,
555 2349 604 2423 τὴν
618 2349 645 2410 δὲ
664 2351 822 2425 κολοκύντην
840 2351 885 2411 ἐπί
898 2357 946 2409 τοῦ

162 2443 256 2517 ὑγιοῦς.
270 2438 401 2516 μέμνηται
413 2437 511 2511 ταύτης
526 2444 558 2498 Δ.
573 2437 666 2516 λέγων,

210 2559 414 2656 Ὲνήμίραισιν
429 2563 520 2630 αὐτὸν
535 2562 613 2630 ἑπτοί
628 2590 690 2650 σοι,
702 2567 798 2655 γέρον,

211 2672 288 2738 θελοι
303 2677 472 2761 παρασχεῖν
487 2668 506 2741 ἢ
520 2668 733 2742 κολοκύντηνῆ
749 2668 860 2762 κρίνον.

163 2813 275 2871 Eodem
289 2811 445 2887 proverbio
455 2829 521 2867 neus
534 2824 577 2868 εει
585 2812 743 2867 Menander
754 2813 857 2867 Incert.
874 2812 942 2878 bol.

160 2905 248 2959 Versu
268 2897 457 2975 ιΙίῑνείαύτδς,
481 2900 561 2975 qnod
582 2902 708 2958 correxit
726 2899 828 2958 Vulci.
849 2902 943 2957 Dinlr.

159 3009 190 3064 p.
208 2991 281 3061 1163
296 2989 429 3063 idemque
442 3009 472 3050 v.
490 2985 536 3057 σὴ
551 3000 614 3046 ante
628 2989 686 3047 κολ.
699 2987 820 3048 addidit.
833 2989 878 3045 Sic
891 3008 944 3047 au·

161 3089 218 3135 tem
229 3080 289 3135 baec
301 3080 408 3153 scripta
419 3079 518 3134 malim
530 3098 537 3134 ι

209 3186 250 3258 Ἐν
267 3194 426 3283 ἡμέραισιν
437 3190 518 3257 ἑπτοί
531 3197 561 3284 γ’
582 3192 674 3258 αὐτὸν
688 3189 727 3271 ἢ,
744 3192 844 3283 γέρον,

208 3300 284 3366 θίλω
302 3301 501 3383 κολοκύντην,
519 3296 538 3371 ἢ
551 3303 722 3389 παρασχεῖν
737 3322 785 3363 σοι
798 3295 904 3387 κρίνον.

528 3462 573 3499 12.

199 3557 327 3612 Stobaeus
343 3552 522 3629 Flor.1o,l.
550 3590 552 3595 ·

206 3660 260 3760 ip’
276 3669 355 3735 ἔστιν
370 3666 575 3740 ἀνοητότατον
590 3658 819 3760 αἰσχροκερδία,

206 3776 279 3866 πρὸς
295 3784 340 3859 τῷ
365 3769 471 3841 λαύεῖν
491 3771 547 3867 γὰρ
571 3772 612 3838 ὢν
636 3778 652 3839 ὁ
673 3783 739 3850 νοῦς
761 3768 854 3839 τᾶλλ’
884 3779 941 3861 οὐχ

874 3881 939 3969 ὀρᾷ.

157 4012 240 4067 Versu
259 4030 269 4065 1
291 4011 373 4084 posui
386 4008 617 4082 interrogationis
630 4018 737 4063 notam.
752 4005 822 4064 cod.
844 4009 867 4061 A
883 4004 937 4060 rio·

156 4096 322 4175 χροκίρδεια,
337 4096 387 4152 sed
403 4095 470 4151 ride
490 4097 583 4168 Etym.
599 4096 640 4153 M.
657 4112 689 4168 p.
707 4094 782 4162 462,
811 4112 860 4168 19:
872 4096 905 4150 V.
923 4110 940 4147 α

156 4187 252 4240 malim
267 4180 331 4260 πρὸς
345 4182 383 4259 τῷ
397 4180 488 4238 λαύεῖν
502 4183 598 4246 dicii<
616 4177 676 4258 γὰρ
686 4175 727 4236 ὧν
738 4201 764 4239 τ.
778 4191 832 4240 etc.

527 4292 573 4352 13.

196 4408 241 4465 lb.
257 4404 285 4465 5.

205 4520 241 4586 Ei
257 4521 299 4610 μή
315 4518 351 4584 τὸ
366 4512 475 4585 λαύεῖν
494 4514 544 4602 ἦν,
559 4508 628 4583 οὐδὲ
644 4511 685 4595 εἷς
699 4517 824 4608 πονηρὸς
838 4514 886 4590 ἦν.

203 4621 394 4716 Φιλαργυρία
408 4628 494 4690 τοῦτ’
510 4621 592 4688 ἐστὶν
605 4670 615 4703 ,
630 4624 703 4688 ὅταν
720 4620 805 4712 ἀφεὶς
818 4629 940 4715 σκοπεῖν

203 4728 245 4795 τὰ
256 4722 362 4795 δίκαια
376 4739 429 4795 τοῦ
442 4719 564 4820 κέρδους
576 4718 629 4793 διὰ
640 4728 754 4804 παντὸς
765 4720 873 4805 δοῦλος
885 4726 935 4806 ἧς.

155 4861 254 4914 Versus
272 4875 283 4911 1
302 4854 359 4911 fine
378 4857 453 4911 maio
471 4851 503 4911 ἂν
523 4854 668 4911 intellecto
688 4844 730 4923 ἦν.
744 4839 897 4929 Repetitur
911 4858 939 4912 in

154 4945 302 5003 Menandri
313 4946 436 5000 Monost.
452 4940 521 5012 665,
531 4942 583 4997 ubi
597 4938 650 4998 οὐδ’
669 4938 705 4998 ἂν
720 4930 756 5007 εἷς
771 4942 882 5020 πονηρὸς
894 4933 936 5013 ἧν.

154 5040 186 5094 V.
205 5035 334 5092 3melins
354 5030 453 5103 δίκαια,
472 5041 505 5087 ut
517 5030 665 5104 praecipno
685 5032 797 5087 nomini
812 5033 858 5088 mii
872 5028 932 5109 κίρ·

520 5198 564 5249 10.

155 5285 240 5342 tulos
253 5298 317 5338 vero
332 5296 427 5338 curare
441 5288 499 5349 est,
515 5295 575 5337 meo
586 5278 705 5353 judicio,
819 5300 823 5307 ·

153 5377 201 5427 cut
212 5369 320 5436 exsulis,
332 5374 380 5425 aut
388 5368 550 5435 morientis.
565 5375 614 5427 tut
624 5367 767 5441 nrust'giae.

533 5459 575 5519 lt,

154 5544 186 5596 ln
199 5546 302 5610 septem
321 5533 419 5595 diebus
439 5537 593 5608 illumtibi,
618 5553 716 5608 renex,
738 5545 786 5598 aut
808 5547 936 5613 praesttre

153 5708 391 5776 coemtionem
402 5706 461 5781 eius
473 5706 569 5764 liorem
584 5702 713 5780 (aptior).
858 5628 935 5696 [mlo

526 5799 569 5849 12.

153 5888 251 5943 Nonne
262 5881 435 5939 insanissima
447 5896 491 5938 res
502 5888 543 5938 est
558 5880 691 5940 avaritia?

153 5971 284 6046 capiendo
299 5970 371 6028 enim
387 5985 465 6027 meus
474 5968 582 6026 inhionr
595 5976 685 6027 cetero
696 5985 752 6027 non
766 5970 849 6028 videt.

519 6062 562 6111 lt.

153 6151 210 6208 Nisi
226 6153 417 6223 coperuerset,
431 6159 512 6202 nemo
527 6143 597 6203 foret
609 6143 758 6217 improbus.

155 6236 275 6294 Avaritia
287 6234 405 6303 hocoet,
422 6230 444 6289 si
457 6230 586 6304 neglectis

152 6322 230 6395 justis
243 6320 308 6379 lueri
319 6319 431 6378 omniuo
444 6332 539 6377 εεενυε
552 6333 591 6376 er.

1717 1503 1774 1555 ott

993 1629 1051 1693 δους
1067 1648 1101 1685 ex
1120 1647 1201 1685 more
1222 1638 1385 1703 opponatur
1405 1630 1498 1684 minue
1520 1645 1606 1703 grave
1627 1628 1686 1683 sine
1706 1631 1774 1684 urti-

992 1719 1070 1774 culo.
1085 1742 1096 1766 ι
1112 1718 1183 1773 Sunt
1196 1717 1314 1773 fortusse
1327 1716 1385 1773 duo
1395 1716 1562 1792 fragmenta.
1577 1742 1589 1765 ι
1601 1718 1693 1773 Mein.

1362 1838 1407 1895 14.

1032 1940 1115 1997 Stob.
1131 1942 1208 1998 Flor.
1227 1947 1276 2008 nl,
1293 1958 1318 1997 1.

1040 2012 1139 2098 ὅστις
1153 2020 1211 2114 γὰρ
1223 2021 1314 2097 αὐτὸς
1328 2022 1424 2087 αὑτὸν
1437 2026 1489 2088 οὐκ
1503 2011 1700 2114 αίοχύνεται,

1040 2118 1185 2192 συνειδύθ
1200 2132 1284 2212 αύτῷ
1300 2132 1400 2218 ραῡλα
1422 2118 1701 2218 διαπεπραγμένῳ,
1734 2184 1736 2186 ,

1038 2239 1103 2308 πῶς
1117 2230 1169 2298 τύν
1186 2258 1221 2326 γε
1234 2225 1329 2324 μηδὲν
1347 2224 1436 2299 εἰδότ’
1452 2230 1701 2322 αἰσχυνθήσεται,

994 2381 1006 2406 «ι
1019 2358 1178 2414 Philemoni
1191 2355 1313 2433 (Incert.
1325 2356 1374 2428 51,
1393 2358 1426 2433 dl
1438 2358 1574 2414 tribuitur
1594 2357 1672 2432 apud
1688 2357 1776 2411 Maxi·

990 2463 1070 2500 mum
1083 2445 1165 2506 Cons.
1190 2464 1240 2520 79,
1262 2465 1293 2521 p.
1315 2444 1380 2517 137,
1406 2443 1455 2505 50.
1471 2470 1484 2496 ν
1510 2444 1681 2518 Mein.,qui
1697 2455 1776 2499 recte

990 2532 1081 2589 edidit
1089 2552 1116 2587 ν.
1130 2534 1147 2590 3
1160 2530 1206 2591 τόν
1218 2554 1248 2607 γε
1259 2552 1314 2610 pro
1328 2530 1373 2591 τὸν
1385 2531 1428 2608 tl,
1443 2533 1523 2608 quod
1537 2534 1656 2590 babetlt
1669 2530 1772 2589 codex.

1362 2644 1407 2705 15.

1030 2753 1111 2814 Stob.
1125 2757 1204 2814 Flor.
1221 2754 1270 2827 αθ,
1288 2762 1315 2821 l.

1038 2862 1133 2963 ὅρκος
1147 2866 1177 2937 δ’
1190 2872 1313 2964 ἑταίρας
1334 2872 1430 2938 ταύτὸ
1445 2872 1501 2937 καὶ
1518 2864 1710 2963 δημηγόρου·

1038 2975 1173 3068 ἑκοίτερος
1187 2982 1286 3044 αὐτῶν
1303 2979 1403 3068 ὀμνύει
1414 2978 1486 3069 πρὸς
1497 2974 1530 3042 ὃν
1539 2983 1641 3044 λαλεῖ.
1759 3006 1761 3009 ·

989 3118 1075 3171 Versu
1090 3135 1101 3170 1
1117 3115 1140 3171 δ’
1151 3134 1168 3171 α
1179 3116 1279 3173 Grotio
1293 3116 1432 3173 additum.
1448 3118 1573 3173 Versuin
1592 3134 1651 3171 non
1663 3126 1775 3171 constat

988 3205 1136 3262 sententia.
1156 3204 1256 3259 Scribo

1038 3318 1149 3392 ἕκασθ’
1170 3324 1200 3403 ὃς
1219 3330 1321 3393 αὐτῶν
1335 3329 1436 3418 ὀμνύει
1452 3353 1516 3403 πως
1554 3323 1594 3391 ὧν
1608 3332 1706 3392 λαλεῖ.

1048 3444 1052 3452 ’
1360 3457 1406 3512 ε6.
1419 3513 1421 3517 .

1028 3566 1107 3622 Idem
1120 3566 1169 3635 32,
1186 3585 1214 3621 n.

1036 3666 1093 3759 ὁΟς
1105 3674 1136 3748 δ’
1152 3679 1216 3749 οὔτ’
1232 3684 1362 3775 ἐρυθριᾶν
1377 3676 1473 3768 οἶδεν,
1492 3683 1558 3749 ούτε
1574 3675 1722 3768 δεδιέναι,

1035 3784 1076 3855 τὰ
1091 3798 1198 3878 πρῶτα
1208 3789 1372 3866 ποίοηςτῆς
1387 3781 1542 3867 ἀναιδείας
1557 3790 1634 3881 ἔχει.

987 3917 1104 3991 Diphilo
1119 3916 1221 3974 tribuit
1233 3918 1390 3987 Gesnerur3
1411 3918 1586 3986 Menandro,
1600 3928 1632 3999 ut
1646 3916 1771 3990 videtur,

986 4006 1119 4063 Trincav.

1360 4136 1404 4185 ¹7·

1028 4228 1107 4283 ldem
1122 4247 1168 4303 79,
1183 4228 1229 4287 16.

1036 4341 1075 4409 Εἰ
1091 4352 1146 4409 τοῦ
1163 4344 1274 4435 πατρὸς
1287 4333 1409 4434 δόξαιμι
1420 4343 1556 4435 κρεῖττόν
1573 4344 1742 4434 σοιλίγειν,

917 4452 923 4466 ’
1036 4448 1165 4537 ἐμαυτὸν
1181 4441 1302 4534 ἀδικῶ,
1326 4451 1444 4515 κούκέτ’
1465 4445 1523 4539 εἴμ’
1540 4443 1619 4540 (ἂν)
1635 4442 1768 4531 etesiis,

1035 4554 1084 4617 ὅτι
1106 4553 1160 4618 τὸν
1178 4550 1429 4646 κατασπείραντα
1442 4559 1530 4639 λυπῶ
1544 4556 1598 4618 κού
1612 4559 1706 4644 ριλῶ.

987 4683 1076 4739 Versu
1098 4700 1109 4738 ι
1127 4681 1223 4739 scribo
1247 4677 1351 4754 δοῖαιμι
1371 4682 1430 4738 σού
1454 4678 1571 4759 κρεῖττον
1594 4679 1690 4758 λέγειν,
1710 4700 1767 4737 em·

986 4765 1100 4845 phitiee
1117 4772 1175 4842 σοῖν,
1189 4789 1227 4827 sc.
1243 4771 1290 4827 τοῦ
1305 4768 1415 4847 πατρύς,
1431 4782 1467 4840 te,
1481 4763 1531 4843 qui
1549 4789 1579 4827 es
1595 4781 1685 4845 pater.
1701 4795 1712 4820 ι
1727 4771 1770 4827 si·

986 4858 1092 4914 militer
1104 4858 1141 4915 de
1150 4870 1241 4914 matre
1255 4858 1349 4914 Alexis
1361 4859 1420 4913 Ino.
1433 4855 1479 4914 35.
1495 4880 1507 4907 ν
1523 4859 1549 4913 li
1558 4859 1593 4913 M
1606 4900 1615 4927 ,
1628 4856 1678 4932 qui
1689 4876 1771 4913 remu

987 4962 1003 4998 ο
1019 4961 1053 5000 ex
1068 4945 1192 5001 Jacobsii
1205 4944 1402 5002 emendatione
1416 4944 1495 5003 dedit
1506 4943 1561 5019 ιῖμλ
1573 4939 1704 5014 iamdiu
1716 4945 1767 5002 Su·

987 5034 1042 5089 tius
1054 5034 1143 5090 habui
1153 5033 1256 5091 addere
1269 5031 1310 5092 dv.

984 5284 1074 5355 Quem
1087 5282 1162 5339 enim
1171 5284 1215 5339 tui
1229 5203 1493 5355 ipsiusnoddpudet,

985 5368 1179 5427 maleficiorum
1190 5369 1242 5425 ribi
1259 5369 1399 5426 conscium
1410 5410 1418 5436 ,

986 5454 1126 5529 quomodo
1140 5454 1207 5512 nibil
1218 5454 1329 5513 scientis
1343 5454 1476 5529 pudebit?

984 5628 1182 5702 lurjuraudum
1202 5644 1269 5687 vero
1282 5547 1465 5687 rmicrlesidem
1484 5610 1637 5687 etorttoris
1651 5628 1767 5702 publici,

984 5716 1031 5789 qui
1043 5715 1100 5773 lere
1110 5714 1228 5789 adjurat,
1238 5730 1421 5789 mecumque
1434 5714 1529 5787 garrit.

1369 5805 1402 5857 tt

991 5888 1046 5961 Qui
1057 5904 1120 5945 vcro
1134 5901 1223 5960 neque
1232 5885 1393 5943 erubescere
1404 5844 1467 5957 ecit,
1481 5901 1532 5944 nec
1545 5888 1651 5957 timere,

984 5975 1087 6047 primur
1099 5974 1190 6032 omnir
1199 5972 1378 6045 impudente
1391 5978 1477 6030 tenet.

984 6148 1011 6205 Si
1027 6146 1221 6218 nullunquam
1235 6152 1277 6210 tn,
1289 6066 1485 6216 prtedjiiderr
1494 6144 1594 6213 dicere,

984 6236 1098 6307 ipsene
1108 6230 1238 6304 inJurior,
1252 6245 1344 6305 neque
1355 6232 1474 6306 emplius
1488 6248 1550 6290 sum
1563 6233 1635 6305 pius,

984 6320 1049 6392 quii
1055 6317 1205 6391 genitorem
1215 6316 1317 6391 obligo,
1329 6333 1418 6393 neque
1427 6332 1498 6377 οοιο.
