4084 8009
212 1534 270 1592 808

212 1664 246 1719 V.
261 1682 279 1737 9
291 1660 343 1719 ἀπὸ
353 1664 398 1719 τοῦ
407 1660 534 1737 πολεμίου
540 1663 697 1722 Villebrun.
709 1676 826 1722 auctore
838 1667 992 1736 Eustatbio,

212 1753 261 1825 qui
276 1752 315 1806 sic
327 1751 365 1806 ad
376 1753 464 1809 llom.
475 1771 505 1825 p.
522 1753 597 1826 987,
612 1771 648 1809 aa
665 1770 672 1811 :
686 1753 700 1809 θ
716 1753 813 1832 μῦθος(
828 1772 886 1810 «ενι
900 1766 996 1811 vetere

211 1840 307 1912 aliquo
320 1850 406 1914 pocta
420 1838 575 1909 derivatus,
590 1852 622 1895 ut
641 1841 763 1900 videtur.
778 1867 790 1892 ι
809 1843 911 1917 Mein.)
928 1842 995 1899 dne-

210 1921 339 2003 ψηρίσθαι
352 1922 403 1982 ὑπὸ
416 1927 480 1982 θεῶν
496 1925 544 2005 έρη
563 1924 607 1984 τὰν
619 1923 747 2005 Ἔρωτα,
764 1926 810 1986 καί
828 1929 996 1999 ἀποκοπῆναι

975 2015 982 2034 Ι

213 2013 320 2088 (minus
333 2014 406 2070 bene
419 2013 505 2072 codd.
517 2014 614 2090 θποκ.)
628 2014 675 2090 μίν
688 2012 722 2072 τὰ
733 2014 830 2093 πτερὰ,
841 2014 884 2073 ἵνα
900 2014 938 2092 μὴ
948 2038 995 2073 πε-

210 2120 289 2169 τηται
304 2100 339 2165 είς
357 2098 465 2178 οὐρανὸν
481 2100 570 2174 πόλιν,
584 2100 630 2167 τὰς
649 2100 676 2160 δὲ
691 2104 752 2160 κατ’
771 2101 849 2160 αὐτὸν
867 2103 995 2182 πτέρυγας

212 2185 317 2257 δοθῆναι
330 2189 364 2264 τῇ
378 2185 448 2264 Νίκῃ
469 2185 555 2265 φέρειν
570 2189 605 2253 ὡς
619 2178 661 2245 οἷα
682 2190 776 2247 σκῦλον
789 2188 928 2269 περιρανίς
943 2188 996 2248 ἀπὸ

211 2276 257 2330 τοῦ
277 2272 414 2349 πολεμίου.
440 2274 595 2350 perperam
612 2279 679 2336 Ath.
699 2275 751 2333 ἀπὸ
774 2279 827 2335 τῶν
852 2276 994 2353 πολεμίων.

210 2365 302 2418 Immo
320 2360 429 2420 ἀπὸτοῦ
444 2361 590 2439 πολεμίου,
604 2367 642 2420 ab
654 2366 729 2422 hoste
740 2366 862 2422 deorum
876 2372 993 2425 Amore.

210 2450 346 2506 Similiter
365 2454 445 2509 Eust.
467 2471 498 2527 p.
511 2451 582 2519 880,
610 2452 626 2509 5
652 2470 660 2511 :
683 2450 740 2511 ὅδὲ
760 2456 840 2527 μῦθος
858 2452 929 2532 λέγει
948 2456 995 2511 τοῦ

210 2533 329 2616 Ἔρωτος
343 2526 455 2596 εἶναιτὰ
474 2541 520 2607 τῆς
534 2538 618 2610 Νίκης
633 2538 730 2618 πτερὰ,
744 2553 799 2598 ete.

585 2652 613 2711 3.

251 2762 355 2820 Athen.
373 2771 401 2833 t,
414 2782 446 2839 p.
467 2763 532 2836 161,
550 2765 573 2819 E
590 2783 596 2819 :
611 2760 739 2841 Ἄριστ.δ’
753 2764 779 2821 έν
791 2749 861 2823 Πυθ.

290 2875 371 2967 Πρὸς
386 2886 446 2941 τῶν
458 2875 545 2959 θεῶν,
560 2875 697 2969 ᾠόμεθα,
711 2878 779 2954 τοὺς
792 2877 889 2943 πάλαι
904 2877 992 2963 ποτὲ,

282 2983 351 3058 τοὺς
365 2980 607 3075 Πυθαγοριστὰς,
634 2984 808 3076 γενομένους
828 2986 923 3060 οὕτως
946 2988 994 3073 βυ-

933 3115 994 3156 παν

286 3189 459 3273 {nemaei
475 3187 621 3284 τρίόωνας
631 3185 730 3269 ἡθέως
745 3200 856 3285 φορεῖν·

224 3350 233 3368 .
283 3304 335 3365 οὐκ
345 3299 409 3365 έστι
423 3300 537 3366 τούτων
551 3291 656 3384 οὐθὲν,
670 3304 711 3376 ὡς
728 3299 797 3389 ἐμοὶ
815 3289 918 3384 δοκεῖ,

237 3400 257 3471 5
285 3400 352 3470 ἀλλ’
369 3403 401 3485 ἐξ
415 3405 563 3496 ἀνάγκης,
577 3409 631 3470 οὐκ
644 3405 763 3496 ἔχοντες
777 3396 845 3470 oili
861 3400 912 3489 ἓν,

283 3519 337 3586 τῆς
353 3510 501 3585 εὐτελείας
517 3509 663 3601 πρόρασιν
678 3509 806 3601 εὑρόντες
821 3514 930 3595 καλὴν,

283 3619 363 3707 ὅρους
373 3610 486 3693 ἔπηξαν
496 3622 561 3691 τοῖς
574 3617 679 3687 πένησι
688 3615 863 3707 χρησίμους·

283 3721 347 3787 ἐπεὶ
361 3720 489 3813 παράθες
503 3725 634 3786 αὐτοῖσιν
650 3720 732 3810 ἰχθῦς
746 3718 764 3794 ἢ
780 3725 865 3813 κρέας
879 3770 889 3806 ,

282 3823 338 3893 κὰν
355 3830 395 3919 μή
411 3825 595 3893 κατεσθίωσι
609 3824 660 3891 καὶ
670 3824 739 3901 τοὺς
755 3816 943 3907 θακτυλους,

217 3959 258 4004 10
284 3936 377 4003 ἐθέλω
391 3934 554 4027 κρέμασθαι
568 3927 703 4010 δεκάκις.

211 4066 299 4120 Versu
315 4081 327 4118 1
340 4061 407 4117 libri
422 4057 544 4136 οἰόμεθα,
562 4059 642 4134 quod
654 4060 740 4117 etiam
750 4059 844 4133 ipsum
856 4059 923 4114 ferri
934 4076 985 4133 po·

211 4162 265 4208 test
290 4170 298 4205 z
323 4169 350 4205 ν.
375 4150 477 4205 Matth.
497 4149 547 4205 Gr.
570 4148 605 4223 §S
633 4146 689 4205 168
711 4157 739 4204 et
756 4147 827 4212 243.
850 4146 947 4203 Codex
967 4144 991 4201 P

209 4235 337 4312 οἰώμεθα.
353 4238 409 4294 Sed
422 4237 445 4298 C
459 4246 488 4293 et
501 4238 578 4295 Eust.
594 4255 624 4310 p.
640 4233 727 4305 1553,
741 4234 778 4292 30
791 4234 859 4290 huic
873 4252 990 4309 praepo-

211 4336 282 4382 nunt
293 4323 319 4381 τί
333 4346 395 4382 ποτε
409 4321 538 4403 [servato
557 4325 641 4379 etiarn
659 4324 748 4379 altero
763 4318 864 4396 ποτέ),
879 4323 952 4396 Epit.
968 4342 993 4377 τι

209 4411 328 4472 πώποτε.
340 4416 375 4469 V.
397 4434 414 4469 α
427 4415 467 4469 ita
482 4413 575 4486 Grot.‚
586 4413 652 4467 libri
662 4408 821 4486 γινομένους.
837 4435 849 4461 ι
861 4411 991 4478 Praestat,

209 4503 304 4558 forsan
317 4498 480 4576 λεγομένους.
500 4524 513 4549 ν
535 4501 637 4569 Mein„
656 4500 751 4572 quiin
770 4499 847 4555 Add.
863 4499 932 4557 edit.
951 4500 994 4553 al-

210 4591 296 4645 terius
307 4608 338 4663 p.
351 4607 414 4644 xvrr
425 4589 584 4644 accuratius
603 4588 639 4643 de
652 4587 708 4642 hoe
723 4588 744 4643 l.
764 4586 916 4660 disserens,
930 4587 993 4641 col-

210 4678 269 4732 lato
286 4677 375 4731 schol.
398 4676 541 4731 Theocriti
559 4682 605 4744 14,
620 4674 647 4745 5,
662 4676 721 4730 haec
738 4676 778 4729 ita
790 4674 957 4729 constituit:

257 4790 335 4880 Πρὸς
346 4798 407 4853 τῶν
425 4789 517 4871 θεῶν,
535 4788 567 4855 τί
581 4791 699 4854 πώποτ’
717 4787 856 4877 οἰόμεσθα
872 4781 910 4860 δὴ
1011 4825 1012 4833 ι

243 4986 330 5042 quum
341 4986 396 5026 uua
410 4968 475 5035 luit,
491 4977 522 5025 ut
537 4985 600 5025 vero
612 4970 695 5025 nimis
706 4967 836 5025 audacem

209 5065 226 5114 5
244 5066 325 5130 atque
337 5058 498 5115 insolentem
510 5075 539 5115 se
551 5059 687 5132 praebuit,
702 5058 812 5114 abscisis
828 5059 939 5131 pennis,

243 5162 279 5203 ue
293 5144 328 5202 ad
343 5145 445 5203 coelum
458 5146 559 5204 volaret
565 5145 674 5214 denuo,

243 5233 299 5289 huc
314 5248 378 5289 eum
389 5232 518 5304 fugarunt
530 5231 565 5290 ad
579 5248 630 5289 uos
644 5231 802 5296 inferiores,

244 5334 365 5391 quasque
376 5317 471 5374 habuit
479 5319 536 5376 alas
545 5319 673 5376 Victoriae
686 5317 811 5374 ferendas

244 5408 398 5476 dederuut,
413 5407 518 5465 illustre
529 5408 647 5482 spolium
661 5406 733 5464 hosti
742 5414 875 5477 ereptum.

586 5500 612 5551 3.

261 5586 314 5638 Per
327 5582 410 5650 deos,
422 5582 601 5655 putabamus,
614 5581 677 5638 illos
688 5580 753 5637 olim
766 5588 874 5637 exortos

263 5668 444 5741 Pythagoreos
453 5670 489 5725 ita
504 5669 629 5742 squalere

259 5754 396 5824 volentos,
412 5755 454 5812 vel
469 5755 584 5812 libenter
594 5762 698 5827 gestare
713 5768 817 5825 pannos
833 5769 840 5807 ε

263 5842 332 5898 nihil
346 5843 445 5901 horum
463 5845 503 5900 sic
516 5852 557 5900 est
573 5843 733 5915 mejudice,

226 5936 242 5984 5
260 5929 308 5987 sed
320 5932 495 5998 necessitate,
509 5938 540 5987 ut
549 5931 650 6003 quibus
664 5929 731 5986 nihil
743 5937 783 5985 est
796 5944 850 6002 prae
861 5943 953 5990 manu,

260 6017 434 6088 parsimoniae
445 6018 555 6074 invento
573 6025 704 6090 praetextu
717 6015 807 6080 bono,

261 6102 391 6159 terminos
403 6104 568 6176 pauperibus
585 6103 666 6159 utiles
680 6101 899 6158 constituerunt:

261 6206 324 6247 nam
338 6207 443 6264 appone
458 6191 511 6248 illis
523 6192 610 6263 pisces
623 6189 663 6247 vel
678 6204 799 6255 caruem,

260 6288 287 6337 et
297 6280 349 6335 uisi
362 6281 436 6352 ipsos
448 6278 548 6350 digitos
562 6278 739 6342 comederint,

210 6374 240 6423 10
259 6364 385 6439 suspendi
398 6382 442 6422 ure
452 6365 511 6421 volo
521 6364 620 6421 decies.

715 1532 853 1592 uentre
874 1530 1082 1593 COMOEDIAE
1102 1533 1312 1609 BELlQUlAE.

1088 1672 1155 1747 τοὺς
1168 1666 1392 1764 Πυθαγοριστὰς
1410 1674 1587 1763 λεγομένους
1604 1676 1702 1751 οὕτως
1718 1679 1748 1765 β.
1768 1682 1834 1745 etc.

1040 1794 1145 1854 Versus
1160 1795 1176 1852 3
1191 1798 1293 1872 vulgo,
1314 1797 1373 1852 sine
1390 1795 1513 1871 legitima
1535 1817 1638 1854 caesura
1660 1811 1691 1855 et
1712 1801 1748 1857 in
1762 1801 1834 1859 thesi

1041 1886 1184 1941 collocato
1201 1883 1343 1940 vocabulo
1359 1880 1503 1961 τρίόωνας,
1516 1880 1586 1953 iel,
1605 1892 1696 1963 φορεῖν
1709 1885 1716 1963 Ι
1729 1908 1776 1966 τρ.
1790 1887 1833 1957 ἠδ.

1041 1976 1074 2028 V.
1085 1971 1103 2028 8
1116 1973 1263 2049 vulgatum
1277 1972 1364 2038 αὐτοῖς
1378 1975 1501 2031 correxit
1515 1974 1604 2033 Mein.

1422 2097 1450 2156 4.

1080 2210 1222 2285 Diogenes
1233 2213 1329 2269 Laert.
1346 2210 1374 2280 8,
1387 2209 1443 2269 38:
1456 2209 1553 2288 Ἀριστ.
1569 2210 1638 2270 noe.

1090 2332 1119 2375 α.
1135 2296 1201 2398 βρη
1215 2333 1248 2373 τε
1261 2356 1271 2391 ,
1285 2303 1418 2384 καταόὰς
1434 2308 1474 2384 εἰς
1492 2302 1614 2375 δίαιταν
1634 2316 1695 2374 τῶν
1706 2309 1818 2396 κάτω,

1093 2405 1168 2478 ideis
1186 2414 1346 2497 ἑκάστους,
1361 2405 1511 2506 θιαρέρειν
1522 2405 1556 2480 δὲ
1567 2414 1716 2506 πάμπολυ

1088 2524 1156 2595 τοὺς
1166 2517 1388 2611 Πυθαγοριστὰς
1403 2527 1463 2586 τῶν
1478 2527 1597 2612 νεκρῶν·
1614 2519 1736 2611 μόνοισι
1746 2519 1808 2615 γὰρ

1090 2627 1223 2691 τούτοισι
1235 2630 1286 2691 τὸν
1300 2626 1464 2691 Πλούτωνα
1475 2631 1623 2692 συσσιτεῖν
1639 2624 1697 2714 ἔφη

1043 2722 1062 2794 5
1090 2720 1132 2794 δι’
1150 2724 1307 2796 εὐσέόειαν.
1325 2732 1357 2813 β.
1377 2734 1492 2821 Εθχερῆ
1509 2729 1573 2795 θεὸν
1584 2731 1682 2822 λέγεις
1689 2721 1704 2812 ’,

1091 2834 1117 2899 εἰ
1131 2843 1193 2912 τοῖς
1209 2836 1299 2926 βόπου
1317 2842 1470 2926 μεστοῖσιν
1484 2827 1593 2909 ἥδεται
1608 2830 1716 2913 ξυνών.

1041 2962 1198 3035 Diogenem
1211 2963 1359 3037 exscripsit
1367 2962 1468 3020 Suidas
1479 2982 1507 3018 ν.
1524 2959 1692 3040 Πυθαγόρας.
1705 2966 1799 3021 Versu
1814 2964 1830 3021 5

963 3093 979 3108 .
1041 3049 1128 3106 facete
1138 3050 1247 3106 dictum
1256 3048 1288 3106 δι’
1296 3047 1439 3122 εὖσέὸειαν,
1445 3070 1503 3126 per
1508 3056 1655 3126 pietatem,
1665 3054 1831 3109 reverentia

1040 3136 1209 3213 Pythagorae
1225 3149 1344 3213 propter
1363 3137 1467 3213 dogma
1483 3138 1520 3195 de
1539 3140 1784 3214 metempsychosi
1803 3150 1831 3195 et

1040 3227 1183 3281 silentium
1202 3226 1463 3301 Pythagoreorum,
1483 3246 1544 3301 quae
1568 3228 1703 3300 inprimis
1713 3228 1831 3302 placere

1040 3326 1174 3389 poterant
1187 3315 1301 3370 Plutoni
1311 3359 1319 3385 ,
1329 3315 1465 3369 Silentum
1481 3314 1554 3386 deo;
1573 3312 1675 3372 cl.Cic.
1689 3315 1777 3372 Tusc.
1804 3334 1829 3387 r,

1047 3401 1099 3472 163
1114 3408 1145 3478 4,
1163 3421 1174 3457 1
1188 3442 1196 3473 ,
1208 3402 1280 3461 Gell.
1301 3420 1326 3472 r,
1337 3421 1365 3476 9,
1373 3403 1468 3459 Valet.
1479 3402 1553 3460 Max.
1565 3400 1591 3464 8.
1606 3400 1636 3474 8,
1647 3411 1703 3457 ete.

1417 3513 1443 3568 5.

1080 3593 1155 3651 ibid.

1111 3744 1162 3759 ·-
1174 3701 1315 3774 Ἐσθίουσι
1329 3701 1363 3774 δὲ

1089 3812 1212 3906 λόγανοί
1226 3839 1272 3896 τε,
1284 3813 1338 3879 καὶ
1353 3812 1490 3879 πίνουσιν
1504 3809 1553 3879 ἐπὶ
1567 3812 1683 3889 τοότοις
1695 3805 1795 3905 ὕδωρ·

1090 3919 1207 4010 ρθεῖρας
1220 3911 1275 4002 δὲ,
1289 3919 1340 3985 καὶ
1355 3913 1505 4011 τρίίωνα,
1523 3922 1578 3990 τόν
1592 3909 1623 3983 τ’
1636 3918 1795 4006 ἀλουσίαν,

1090 4018 1185 4102 οὐδεὶς
1201 4020 1236 4090 ἂν
1254 4024 1422 4115 ὑπομείνειε
1434 4032 1495 4091 τῶν
1509 4026 1668 4115 νεωτέρων.

1040 4157 1127 4210 Versu
1145 4173 1156 4209 1
1182 4151 1317 4212 Ἐσθίουσι
1327 4150 1355 4210 δέ
1368 4174 1423 4230 pro
1440 4151 1554 4211 έσθίουσί
1567 4173 1595 4208 τε
1604 4152 1724 4210 Casaub.

1276 4259 1329 4318 ΙΧ.
1352 4258 1579 4317 ΦΙΛΩΝΙΔΗΣ.

1078 4365 1181 4423 Athen.
1199 4384 1242 4435 11,
1255 4385 1286 4440 p.
1314 4372 1387 4440 θρα,
1403 4366 1440 4435 C,
1461 4365 1496 4421 de
1515 4364 1625 4439 poculis
1645 4363 1825 4419 Thericleis:

1039 4451 1136 4531 Ἀριστ.
1149 4451 1171 4509 δ’
1181 4455 1207 4511 έν
1221 4453 1377 4531 Φιλωνίδῃ,

1112 4608 1161 4619 -
1173 4570 1336 4663 Τοιγαροῦν
1360 4569 1427 4661 ἐμοὶ
1444 4571 1496 4660 μὲν
1513 4567 1623 4660 ἀρτίως
1638 4571 1654 4632 ὁ
1674 4559 1827 4643 δεσπότης

1089 4670 1127 4741 δι’
1149 4677 1256 4767 αἱρετὴν
1278 4685 1338 4743 τῶν
1363 4674 1545 4768 Θηρικλείων
1563 4678 1749 4740 εὐκύκλωτον
1770 4675 1827 4739 οἱσ-

1725 4780 1782 4853 πίθ
1785 4814 1805 4852 α
1816 4836 1827 4871 ,

1416 4978 1444 5027 4.

1076 5091 1102 5131 a.
1119 5076 1298 5149 Dicebatque,
1309 5092 1339 5133 se
1349 5075 1520 5134 descendisse
1534 5076 1563 5131 in
1578 5074 1736 5131 inferiorum
1751 5074 1829 5129 euhi-

1728 5160 1808 5228 [cula
1819 5205 1828 5230 ,

1076 5252 1165 5307 visum
1179 5250 1317 5321 singulos3
1328 5257 1356 5305 et
1370 5249 1517 5320 plurimum
1532 5246 1644 5303 differre

1075 5337 1258 5411 Pythagoreos
1282 5353 1298 5392 a
1319 5339 1420 5392 ceteris
1435 5334 1573 5391 mortuis:
1599 5349 1663 5389 cum
1684 5332 1727 5387 his
1747 5334 1825 5389 enim

1738 5423 1747 5486 [
1759 5419 1827 5475 solis

1075 5511 1219 5567 Plutonem
1232 5507 1368 5563 convivari
1381 5506 1487 5563 dicebat

1039 5605 1055 5654 5
1075 5615 1122 5670 per
1136 5599 1273 5669 pietatem.
1287 5596 1313 5651 b.
1330 5593 1512 5651 Commodum
1523 5593 1592 5648 dicis
1604 5590 1685 5647 deum

1074 5690 1098 5744 si
1112 5703 1166 5744 uua
1178 5701 1235 5743 esse
1245 5682 1345 5756 gaudet
1356 5698 1419 5738 cum
1431 5680 1553 5739 sordium
1568 5679 1663 5752 plenis.

1414 5790 1442 5840 5.

1072 5878 1212 5935 —Edunt
1222 5884 1313 5933 autem

1037 5968 1186 6039 legumina,
1198 5964 1232 6022 ad
1248 5979 1309 6036 quae
1322 5962 1420 6018 bibunt
1431 5973 1543 6031 aquam,

1038 6064 1157 6114 ceterum
1174 6051 1326 6126 pediculos,
1342 6057 1369 6105 et
1382 6062 1506 6120 pannum
1518 6085 1525 6111 ,
1537 6051 1565 6101 et
1579 6041 1678 6104 illotos,

1039 6161 1122 6202 nemo
1131 6144 1272 6216 juniorum
1285 6137 1436 6213 pertulerit.

1307 6239 1536 6298 PHILONlDES.

1072 6385 1104 6393 -
1118 6357 1210 6423 ltaque
1220 6346 1287 6404 milri
1304 6360 1391 6417 nuper
1403 6342 1500 6407 herus,
