4084 8009
941 1551 1112 1613 EUPOLlS.

213 1699 268 1736 uec
288 1701 335 1737 mc
349 1693 446 1738 movet
459 1683 507 1738 ille
526 1681 638 1754 codex,
653 1684 704 1758 qui
721 1684 838 1741 iorusse
857 1685 1003 1741 calidioris

212 1787 332 1826 monum
345 1789 443 1846 passus
455 1782 497 1827 est
513 1774 693 1829 correctoris.
710 1775 874 1830 Permutata
888 1776 961 1830 inter
974 1794 1004 1831 sc

212 1875 421 1932 nonnunquam
435 1860 558 1915 scimuse
568 1871 598 1916 et
608 1881 631 1930 ο,
640 1881 655 1918 ο
665 1871 693 1916 et
701 1881 740 1930 ου,
752 1882 777 1917 τι
787 1873 815 1918 et
824 1882 874 1933 τοι,
886 1881 1003 1936 genera·

214 1947 326 2019 timque
340 1967 349 2000 ι
362 1956 391 2001 et
404 1967 429 2002 οι
444 1965 451 2001 :
468 1948 539 2020 quid
554 1947 641 2022 igitur
659 1948 821 2004 dubitamus
834 1968 941 2024 poncre
957 1949 1002 2018 id,

212 2053 273 2107 ιγειο
284 2033 369 2089 ducit
380 2037 530 2106 sententia,
540 2032 623 2092 τῶνδ’
632 2032 703 2093 οὗτοι
712 2033 856 2114 νεωτέρων,
869 2058 924 2093 non
934 2057 1004 2093 sane

1778 1574 1832 1623 llil)

1050 1689 1146 1760 abeo,
1170 1697 1217 1764 qui
1239 1691 1473 1765 interpretaretur
1490 1693 1577 1749 verba
1598 1695 1645 1762 τῆς
1663 1694 1699 1750 ll.
1725 1695 1833 1769 μούσης,

1050 1777 1106 1834 Pro
1119 1776 1267 1852 Σιμωνίδου
1285 1778 1307 1836 Β
1322 1779 1412 1835 codex
1431 1779 1543 1854 Σιμωνί.
1560 1783 1689 1838 Scribam
1703 1786 1832 1858 equidem

1099 1890 1146 1958 Τὰ
1161 1892 1343 1985 Στησιχόρου
1356 1918 1401 1978 τε,
1416 1892 1468 1959 καὶ
1483 1888 1644 1986 Ᾰλκμοῖνός
1660 1924 1703 1977 τι,
1715 1900 1834 1990 Σίμωνί

1536 2017 1566 2103 γ’
1581 2012 1698 2105 ἀχρεῖον
1709 2006 1832 2099 ἀείδειν,

210 2128 407 2189 recentiorum,
426 2135 460 2178 ut
477 2125 625 2193 Anaxilas,
645 2124 752 2198 dequo
767 2126 798 2181 in
812 2128 1005 2201 superioribus
1049 2146 1081 2190 ut
1096 2136 1149 2192 hoc
1160 2136 1238 2193 dicat
1248 2140 1295 2213 tt,
1311 2139 1410 2194 inutile
1420 2156 1491 2208 esse,
1506 2140 1529 2195 si
1542 2142 1606 2213 quis
1620 2142 1776 2200 decantatis
1789 2149 1832 2202 vel

210 2210 287 2266 dixit
309 2208 432 2270 Pollux?
447 2213 551 2269 Versus
565 2213 727 2288 auapaestici
747 2223 814 2269 tetr.
834 2215 1002 2288 brachycat.

208 2300 252 2354 sic
265 2297 419 2354 habuerint
432 2319 441 2354 ε

286 2441 326 2452 ··
349 2411 501 2480 Εἰσελθὼν
518 2404 547 2480 δ’
565 2411 606 2490 εἰς
625 2416 785 2498 βαλανεῖον

262 2523 306 2610 μὴ
322 2513 535 2613 ζηλοτυπία-ης
550 2518 592 2597 εἰς
607 2518 742 2612 μάκτραν
756 2543 803 2584 σοι
822 2512 1002 2609 συμόοιίνον·
1079 2577 1085 2588 ,

678 2625 768 2692 νοντά
784 2623 864 2716 (τιν’
883 2621 1002 2716 ἀλλον).

210 2755 315 2810 Verbis
325 2773 390 2829 qua
402 2753 517 2826 addidi,
528 2751 578 2811 τιν’
588 2751 684 2826 ἄλλον,
696 2754 742 2810 vel
762 2755 910 2825 similibus,
923 2773 1003 2810 com-

210 2844 468 2916 pleaturmetrnm.

514 2951 581 3012 vtl.
605 2952 703 3012 ΔΙΑΣ.

256 3070 317 3125 Vox
326 3067 418 3136 nihili,
431 3077 570 3140 quantum
581 3067 652 3123 scio.
664 3067 793 3124 Scribam
804 3062 875 3132 Δυδις
884 3077 913 3123 et
925 3065 1003 3141 apud

213 3156 361 3212 Pollucem
377 3151 473 3213 Δυάδι.

254 3241 358 3300 Pollux
367 3263 398 3320 9,
410 3260 446 3313 ²7
463 3261 471 3296 :
484 3237 529 3298 τδν
540 3237 620 3298 άστδν
633 3240 666 3299 ll.
678 3241 750 3319 ίντῇ
764 3238 848 3300 Δυάδι
860 3238 1002 3314 ἔμπολιν

211 3321 398 3408 εἶρηιιεν,οἷον
409 3324 543 3407 ίγχῶριον.
559 3329 601 3386 Ab
613 3347 672 3384 uno
686 3329 787 3386 codice
801 3329 905 3385 absunt
919 3330 1002 3385 vcrba

212 3421 241 3476 ἐν
255 3421 289 3494 τῇ
303 3417 395 3492 Διάδι,
410 3429 443 3475 ut
455 3435 529 3494 saepe
543 3419 716 3474 omittuntur
734 3429 871 3494 corrupto
893 3429 941 3473 out
955 3419 1001 3473 in-

212 3509 324 3566 tricata.

466 3615 552 3677 Vlll.
573 3615 754 3676 ΕΙΔΩΤΕΣ.

252 3825 360 3883 Athen.
373 3829 403 3900 A,
416 3844 447 3899 p.
467 3823 533 3896 138,
544 3825 566 3882 F
579 3844 586 3880 :
598 3749 735 3899 ΓΙολίμων
747 3826 794 3880 τοῦ
806 3820 879 3901 παρά
893 3821 1002 3882 Λάκωσι

212 3908 378 3986 καλουμένου
389 3907 493 3968 δείπνου
505 3906 652 3975 κοπίδος
666 3908 861 3986 μνημονεύοντα
872 3912 1002 3988 Κρατῖνον

212 4001 240 4056 δν
252 3995 382 4063 ΙΙλοιῖτοις
390 3995 520 4074 λόγων...
536 3995 581 4054 καὶ
598 3997 632 4057 Ε.
645 3997 673 4054 ht
686 3994 786 4057 mosot
799 4024 812 4049 ιι
828 3997 843 4028 *
855 3997 909 4056 Καὶ
922 3995 1002 4074 γίνη-

213 4107 257 4143 ται
270 4085 358 4143 τοῖσδε
372 4083 489 4164 σάμερον
502 4083 587 4150 κοπίς.
605 4110 617 4138 ν
629 4087 758 4143 Scribam

262 4190 327 4260 nat
341 4190 398 4286 γάρ
414 4193 574 4286 γεγένηται
587 4188 693 4260 τοῖσδε
707 4193 835 4288 σάμερον
857 4194 954 4271 κοπίς.

211 4321 356 4396 loquitur
367 4322 524 4380 Doricnsis.
534 4322 574 4379 lle
586 4319 674 4379 κοπίδι
688 4322 760 4380 sesto
771 4322 1002 4382 Lacedaemonio·

213 4429 279 4466 rum
289 4429 320 4468 r.
339 4409 449 4470 Gratia.
464 4409 565 4470 Πλοῖτ.
579 4411 617 4470 lr.
634 4430 661 4470 ι.

595 4527 623 4564 a.

254 4601 337 4658 ldcrn
351 4621 383 4678 9,
404 4622 435 4678 p.
457 4610 527 4674 loo,
542 4603 575 4679 C,
592 4604 739 4680 disputans
752 4604 788 4660 de
802 4601 876 4682 λαγῴ
891 4622 899 4662 :
922 4601 1002 4670 olto<

213 4685 239 4746 δ’
249 4687 386 4767 ε’χρήαπτο
395 4691 434 4768 τῷ
447 4689 558 4766 ὀνόματι
572 4688 618 4748 καὶ
633 4690 812 4771 Ἐπίχαρμος,
826 4690 872 4750 καί
886 4690 1002 4771 Ἡρόδο-

212 4797 266 4848 τος,
276 4775 322 4834 καὶ
332 4779 347 4835 ό
358 4773 417 4843 robe
430 4775 549 4845 Εἵλωτας
560 4776 681 4851 ποιήσας.

254 4971 336 5028 idem
352 4977 400 5040 ιη,
417 4990 448 5047 p.
459 4971 529 5046 638,
541 4975 567 5029 D
582 4992 590 5029 t
605 4969 729 5039 όδίτοδς
745 4973 780 5038 ιῖς
791 4972 925 5045 Χιωνίδην
940 4974 1002 5029 ἀνα-

213 5057 371 5136 ριρομίνους
382 5056 496 5128 ποιήσας
511 5057 638 5139 Πτωχοὺς
654 5059 809 5132 Γνησίππου
822 5060 887 5126 τινὸς
900 5083 1002 5136 μνημο-

214 5143 283 5204 ubst
294 5145 503 5227 παιγνιαγράφου
516 5150 564 5218 τῆς
580 5149 674 5227 ἱλαρᾶς
695 5146 810 5224 μοόσης,
824 5149 907 5227 λέγων
922 5145 1002 5214 οὕτως

214 5235 485 5315 (ν,(;1ιῑοιι.11ιωχ.
498 5257 510 5294 ι
523 5237 569 5313 )...
585 5235 630 5294 καλ
644 5235 727 5303 liobe
738 5234 799 5298 Eli.
814 5235 841 5294 δὲ
853 5235 1003 5307 πεποιηκώς

212 5344 281 5402 ρηπι
291 5351 304 5376 ι
319 5321 366 5384 Τά
385 5322 551 5404 Στησιχόρου
561 5347 589 5382 τε
611 5323 656 5383 καὶ
671 5323 815 5403 Ἀλκμᾶνος
824 5324 840 5355 ⁴
854 5323 1001 5400 Σιμωνίδου

212 5413 239 5468 τ’
258 5411 371 5490 ἀρχαῖον
387 5411 494 5472 ἀείδειν.
509 5439 523 5464 ι
548 5415 563 5472 ό
584 5411 611 5471 dl
632 5411 784 5482 Γνήσιππος
805 5411 875 5470 ἔστιν
898 5410 1002 5469 ἀκούειν

212 5497 322 5572 ἀκτῖνος,
335 5497 392 5577 (δι)
401 5499 536 5579 νυκτερινδι
547 5491 605 5579 εὗρε
620 5508 721 5580 μοιχοῖς
731 5501 873 5576 διείσματα,
881 5500 1003 5558 ἐκκαλεῖ·

213 5591 278 5644 σθαι
292 5594 436 5662 γυναῖκας,
460 5586 568 5666 ἔχοντες
590 5588 724 5665 ίαμόύκην
745 5611 773 5646 τε
794 5587 840 5646 καλ
861 5589 998 5665 τρίγωνον.

212 5673 302 5750 Apud
312 5675 379 5734 Ath.
386 5695 478 5752 παιγν.
487 5676 607 5748 deleam,
616 5678 696 5751 quod
707 5677 882 5751 adscriptum
888 5677 1002 5734 videtur

522 5841 691 5897 Alllil'llili.

252 5969 287 5982 ·-
301 5937 435 5997 balneum
446 5957 512 6000 sero
522 5943 660 6016 ingressus

215 6043 252 6084 ue
264 6023 386 6084 lotidem
396 6027 444 6084 alii
457 6035 549 6086 tecum
564 6027 731 6088 descendero
744 6030 772 6086 iu
787 6038 930 6088 ittaetrunr.

518 6163 695 6220 littores.

215 6353 314 6424 Agitur
321 6353 398 6410 euim
411 6351 454 6410 his
461 6351 544 6412 hodie
556 6273 643 6414 cobis.

1048 2223 1201 2281 Stesichori
1211 2237 1240 2281 et
1255 2227 1398 2282 Alcmonis
1412 2227 1585 2283 carminibus
1598 2231 1717 2305 egregiis
1727 2232 1833 2289 obstcr·

1048 2329 1111 2366 rere
1122 2312 1219 2370 volita
1236 2313 1391 2369 malefactis
1402 2315 1563 2388 Simonem,
1578 2316 1726 2390 perjurum
1744 2340 1831 2396 χρεω-

1048 2397 1166 2473 φειλέτην
1184 2401 1234 2475 (ν.
1255 2401 1329 2456 Nub.
1350 2400 1417 2472 345,
1438 2401 1524 2478 393).
1545 2405 1669 2461 Athenaei
1683 2419 1759 2478 sunt,
1773 2428 1832 2465 non

1050 2488 1212 2563 Eupolidis,
1223 2489 1310 2546 verba
1324 2490 1338 2546 δ
1353 2484 1380 2547 δὲ
1395 2486 1584 2556 Γνήσιππος...
1600 2490 1739 2571 τρίγωνον,
1753 2497 1832 2570 quod

1047 2593 1137 2632 miror
1154 2596 1214 2632 non
1231 2579 1347 2634 sensisse
1364 2580 1441 2635 viros
1461 2579 1663 2640 doctissimos:
1680 2583 1709 2637 in
1728 2585 1832 2658 quibus

1049 2681 1104 2736 pro
1121 2664 1236 2738 poetico
1255 2665 1348 2734 κεῖνος,
1369 2668 1468 2739 scripsi
1486 2667 1590 2736 ἐκεῖνος,
1606 2669 1730 2745 itemque
1741 2692 1830 2729 νυκτε-

1050 2747 1142 2826 ρινὰ...
1153 2748 1284 2826 ἀείσματα
1293 2771 1348 2827 pro
1355 2751 1518 2831 νυκτερίν’...
1528 2753 1661 2830 ἀείσματ’,
1670 2760 1831 2835 inseruiquc

1050 2835 1085 2908 ός,
1098 2838 1173 2895 sorte
1188 2840 1338 2910 haustum,
1351 2845 1595 2918 necessariumque
1605 2849 1759 2908 sententiae.
1776 2851 1831 2904 Alii

1049 2927 1131 3069 alitgr
1152 2928 1212 2985 haec
1241 2929 1418 3004 digerebant,
1443 2942 1589 3006 postremo
1623 2935 1745 2995 bleinels.
1773 2937 1829 2994 hoc

1049 3032 1096 3068 mo
1119 3033 1161 3070 o:

1096 3123 1142 3194 Τδι
1152 3128 1333 3221 Στησιχόρου
1344 3154 1379 3194 τε
1388 3128 1439 3195 καὶ
1447 3124 1607 3222 Ᾰλκμαῖνος
1621 3125 1788 3224 Σιμωνίδου
1799 3161 1831 3200 τε

1097 3233 1155 3325 ἀρχ
1157 3239 1220 3299 αῖον
1228 3225 1349 3299 ἀείδειν·
1358 3239 1373 3300 ό
1382 3225 1401 3300 δ
1404 3236 1417 3299 ὲ
1427 3238 1597 3315 Ινήσιππος
1607 3239 1688 3304 ἔστιν
1700 3240 1832 3318 ἀκούεινς

1097 3346 1192 3416 κεῖνος
1205 3339 1347 3433 νυκτερίν’
1366 3339 1425 3433 εὗρε
1446 3349 1565 3433 μοιχοῖς
1581 3342 1722 3437 ἀείσματ’
1743 3348 1831 3411 ἐκκα-

1715 3452 1831 3517 λεῖσίίαι

1097 3557 1238 3642 γυναῖκας
1251 3552 1379 3642 ἔχοντας
1393 3546 1541 3643 tapetem
1556 3579 1590 3619 τι
1605 3553 1656 3619 καὶ
1671 3554 1827 3649 τρίγωνον.

1051 3711 1063 3737 ι
1083 3690 1211 3745 Fortasse
1229 3709 1264 3746 ex
1288 3690 1387 3746 eadem
1410 3692 1465 3747 hac
1486 3691 1583 3748 sabulo
1606 3689 1720 3771 (inquit
1733 3695 1828 3772 idern)

1046 3787 1191 3850 sumptum
1201 3778 1332 3851 estquod
1345 3778 1430 3834 tradit
1444 3780 1594 3837 Athenaeus
1608 3800 1634 3855 1,
1646 3802 1676 3857 p.
1691 3783 1720 3851 3,
1734 3787 1758 3840 A
1772 3804 1779 3838 :
1795 3786 1831 3850 ὡς

1046 3861 1080 3919 τά
1092 3862 1223 3944 Πινδάρου
1233 3867 1248 3922 b
1257 3864 1452 3945 κωμῳδιοποιὸς
1463 3865 1575 3934 Εὔπολίς
1590 3891 1677 3949 ρησιν,
1688 3869 1738 3942 ἤδη
1750 3892 1831 3928 κατα-

1047 3952 1242 4029 σεσιγασμένων
1257 3951 1307 4011 ὑπὸ
1320 3956 1367 4024 ri<
1378 3956 1430 4011 τῶν
1443 3956 1549 4013 πολλῶν
1561 3956 1743 4034 ἀφιλοκαλίας.
1758 3983 1771 4010 ν

1086 4166 1186 4221 Pollux
1197 4185 1227 4241 9,
1246 4173 1281 4238 74
1298 4187 1304 4222 :
1322 4163 1432 4239 καὶμὴν
1447 4164 1493 4223 καλ
1511 4164 1541 4225 τδ
1554 4167 1772 4240 Πελοποννησίων
1786 4168 1831 4227 νό-

1048 4274 1135 4327 μισμα
1150 4251 1269 4330 χελώνην
1283 4251 1350 4318 τινὲς
1364 4250 1453 4323 ἠξίουν
1472 4253 1562 4310 καλεῖν
1577 4251 1684 4312 ἀπὸτοῦ
1700 4253 1831 4331 τυπώμα-

1046 4360 1097 4405 τος·
1111 4338 1167 4397 ὅθεν
1180 4340 1224 4398 καὶ
1235 4344 1251 4411 ἡ
1264 4340 1311 4417 μὲν
1326 4340 1458 4419 παροιμία
1474 4338 1546 4398 «cdv
1559 4339 1654 4419 ἀρετάν
1668 4342 1713 4400 καὶ
1728 4341 1776 4401 τδν
1790 4365 1831 4401 σο-

1047 4426 1363 4507 ρίαννικᾶντιχελιῗιναι,ν
1371 4429 1397 4485 ἐν
1408 4426 1436 4486 δὲ
1445 4435 1498 4493 τοῖς
1504 4427 1649 4494 Εὐπόλιδος
1659 4427 1718 4491 Eli.
1730 4429 1830 4508 εἴρηται

1120 4578 1168 4591 -
1184 4535 1302 4608 dicite
1318 4543 1370 4608 τδν
1387 4545 1625 4636 καλλιχιλωνον.

1047 4670 1170 4743 llesych.
1181 4667 1384 4747 Καλλιχιλωνος
1394 4688 1401 4729 :
1412 4671 1426 4727 ό
1436 4667 1534 4735 δόολός·
1545 4660 1600 4748 εἶχε
1610 4668 1661 4749 γὰρ
1672 4669 1703 4727 τὸ
1714 4668 1830 4747 νόμισμα

1046 4755 1165 4834 χελώνην
1177 4756 1418 4835 ἐγκεχαραγμένην.
1435 4783 1446 4808 ι
1460 4762 1502 4815 De
1511 4760 1686 4814 numismatis
1696 4760 1832 4834 Pelopon·

1047 4847 1150 4902 nesiaci
1166 4846 1312 4903 testudinis
1326 4845 1419 4922 effigie
1433 4866 1460 4905 ν.
1476 4847 1577 4903 Odosr.
1599 4849 1711 4903 llliiller.
1733 4849 1828 4923 AEgin.

1046 4954 1077 5009 p.
1093 4933 1143 5009 95.
1161 4960 1172 4985 ν
1187 4937 1212 4990 E
1225 4937 1269 4993 M.

1088 5126 1167 5181 Idem
1181 5145 1225 5196 10,
1236 5126 1274 5200 98
1288 5146 1294 5180 ι
1306 5124 1352 5182 καί
1362 5123 1473 5202 τάγηνον
1485 5124 1521 5197 δὲ,
1532 5124 1599 5182 ἀλλὰ
1613 5125 1665 5201 μὴν
1676 5126 1721 5184 καί
1731 5125 1768 5196 τή
1777 5150 1830 5204 γα-

1047 5236 1098 5271 νον
1116 5213 1186 5292 ἔχοις
1204 5212 1235 5271 δν
1250 5216 1332 5292 εὑρεῖν
1346 5214 1482 5293 εἰρημένω
1494 5216 1522 5273 ἐν
1539 5213 1599 5274 ER.
1614 5214 1770 5286 Εὐπόλιδος,
1784 5214 1829 5272 καὶ

1046 5304 1072 5361 ίν
1084 5300 1259 5372 Τηλεκλείδου
1275 5300 1433 5380 Ἆψιυδίσιν.

1089 5497 1266 5553 llerodianus
1282 5500 1324 5553 Dc
1334 5498 1403 5555 dict.
1415 5499 1490 5555 solit.
1505 5516 1535 5572 p.
1551 5518 1595 5566 10,
1609 5497 1644 5554 32
1661 5518 1667 5552 :
1684 5495 1785 5572 εἴρηται
1799 5494 1826 5552 δὲ

1047 5583 1091 5643 καὶ
1115 5585 1243 5656 ΙΙυτιδᾶς,
1257 5587 1291 5649 ὡς
1313 5586 1449 5664 Κερκιδᾶς·
1473 5583 1542 5642 ἔνθεν
1567 5584 1701 5653 αἰτιατική
1716 5585 1743 5641 ἐν
1767 5583 1828 5643 Κό-

1046 5675 1133 5731 κλωπι

1428 5844 1452 5893 3.
1737 5836 1829 5893 uidcni

1046 5924 1193 5983 Stesichori
1214 5925 1346 5992 carmina,
1369 5930 1396 5980 et
1420 5924 1557 5981 Alcmonis
1579 5841 1826 5996 aliqum‚[Sinioui

1046 6012 1142 6069 inutile
1152 6021 1193 6069 est
1202 6020 1320 6069 cariture.
1332 6011 1395 6080 [Sed
1408 6013 1564 6084 Gnesippus
1575 6009 1737 6077 audiendus,

1046 6103 1094 6173 qui
1106 6109 1239 6158 nocturna
1254 6100 1368 6158 mochis
1382 6101 1484 6157 invenit
1498 6103 1602 6159 cantico
1613 6100 1648 6158 ad
1657 6099 1809 6158 evocandas

1047 6188 1171 6244 muheres
1180 6188 1338 6245 sambucam
1348 6195 1375 6243 et
1384 6187 1525 6258 trigonum
1539 6187 1729 6258 gestantibus}

1422 6281 1449 6332 4.

1047 6361 1166 6420 ΟΙιυΙυιιι
1180 6372 1292 6420 venusto
1308 6362 1453 6421 testudinis
1466 6363 1564 6438 ciligic.
