4084 8009
209 1501 245 1552 74
701 1483 907 1546 COMOEDIAE
928 1481 1092 1542 vetastis
1116 1480 1321 1553 battoma.

573 1638 636 1689 ¹77·

251 1736 329 1793 Idem
339 1735 380 1789 ib.
391 1752 424 1808 p.
439 1751 497 1808 9²9
509 1750 516 1789 t
527 1731 566 1810 tp*
578 1720 600 1809 ᾧ
613 1752 677 1789 τε...
692 1727 737 1786 καὶ
749 1732 869 1807 θριστικῷ
884 1727 994 1785 συντάσ-

210 1844 303 1898 σεται,
320 1821 365 1886 xci
377 1818 571 1899 άπαρεμράτῳ.
587 1819 750 1888 Θουκυδίδης
771 1819 820 1891 (A,
838 1818 876 1874 δυ
887 1817 908 1892 ),
926 1844 938 1866 ι
955 1814 992 1894 ἐρ’

210 1901 394 1989 ᾧρυλακῇτῇ
409 1905 501 1986 μετρίογ
514 1904 682 1984 τηρησονται.
701 1932 713 1957 ν
728 1904 773 1962 καί
789 1907 841 1983 Κρ.

260 2018 316 2114 Ἐφ’
336 2020 359 2106 ᾧ
376 2018 406 2087 τ’
423 2026 553 2113 ἐμαυτὴν
570 2012 780 2113 συγκαθεύδειν
792 2030 837 2107 τῷ
852 2020 957 2111 πατρί.

212 2155 338 2209 Fortasse
352 2152 440 2208 verba
456 2152 587 2225 Pelopiae,
604 2170 666 2224 quae
688 2169 754 2207 cum
773 2150 894 2224 'lhp'este
915 2160 995 2225 patre
1064 2181 1070 2201 ι

212 2241 367 2297 concubuit
384 2257 391 2297 :
407 2259 435 2296 v.
453 2240 560 2315 Hygin.
578 2240 648 2297 aab.
665 2238 714 2310 87.

525 2352 590 2421 178.
618 2371 684 2425 ¹79·

252 2466 331 2522 Idem
342 2466 400 2519 vol.
416 2484 446 2532 2,
456 2484 488 2538 p.
506 2464 592 2533 1168,
609 2462 697 2520 Κάθου
712 2459 757 2518 καὶ
772 2459 872 2529 κάθησο
886 2482 893 2519 :
910 2458 993 2537 άμρό-

211 2573 274 2628 τερα
289 2548 425 2620 ἑλληνικά.
441 2548 650 2631 Ἀριστοφάνης·
666 2549 727 2627 Οὐχ
736 2547 775 2605 ὅτι
786 2547 794 2625 (
807 2545 871 2626 ὅπερ
883 2550 972 2605 Mein.
987 2550 995 2622 )

212 2640 306 2703 ἐκεῖνος
318 2635 423 2716 ἔλαχεν·
436 2636 554 2713 οἰμώζων
570 2637 661 2697 κάθου.
675 2663 686 2688 ν
704 2640 755 2715 Κρ.

262 2755 327 2827 Thr
344 2761 430 2846 χεῖρα
451 2759 490 2845 μὴ
509 2749 662 2839 ’πίθαλλε,
681 2759 722 2845 μὴ
739 2752 842 2819 κλάων
858 2751 946 2842 κάθῃ.

216 2889 249 2940 lit
266 2886 365 2959 paucis
387 2885 541 2957 interjectis
559 2907 565 2939 ε
588 2884 691 2960 λέγουσι
713 2880 739 2940 fl
757 2882 803 2941 καί
817 2882 995 2950 καθίζανε.

214 2969 421 3051 Φερεκράτης...
436 2974 488 3050 Κρ.

262 3090 300 3156 Ei
316 3101 435 3182 πρῶτος
451 3089 562 3173 ἔλθοις,
576 3088 627 3155 καὶ
641 3084 813 3167 καθίζεσθαι
829 3084 946 3165 λάθοις.

526 3220 594 3275 180.
621 3218 685 3273 181.

255 3333 335 3387 ldem
348 3334 388 3387 ib.
403 3352 432 3407 p.
450 3332 544 3388 1366:
568 3332 592 3387 el
611 3328 724 3387 Ἀττικοί
746 3325 877 3404 μόλυθδον
891 3326 936 3383 καὶ
953 3348 1000 3402 μο·

215 3416 345 3477 λίθδινον·
360 3418 390 3476 τδ
401 3417 427 3476 δὲ
442 3417 556 3495 μολυθον
573 3419 580 3496 l
593 3420 666 3476 male
678 3420 746 3475 libri
757 3414 905 3493 μολυθοῦν)
918 3414 999 3494 εὀχά·

217 3529 267 3573 τως
283 3505 428 3586 βάρὸαρον.

265 3660 313 3671 -
330 3618 506 3714 ῠΦορμίων
522 3614 557 3687 δὲ
572 3630 649 3715 τρεῖς
663 3624 785 3695 σπη’σειν
798 3622 853 3711 ἔφη

268 3719 425 3820 τρίποδας,
440 3732 535 3795 ἔπειτ’
547 3730 650 3802 ἔθηκεν
664 3731 716 3795 ἕνα
733 3720 925 3820 μολύθδινον.

220 3858 272 3933 Κρ.
937 3828 940 3832 -

267 3973 434 4039 Φαίνεσθαι
452 3984 579 4066 χρυσῆν,
593 3970 608 4003 ’ί
620 3981 688 4040 κατ’
699 3971 804 4067 άγρους
818 3966 849 4039 δ’
869 3972 949 4052 αὖθις
965 3973 1001 4041 αὖ

805 4072 1000 4173 μολυθδίνην.

219 4214 318 4284 Apage
331 4210 383 4266 ista
402 4207 461 4267 κατ’
475 4206 580 4287 οίγρους,
593 4228 657 4284 quae
675 4210 772 4266 fucum
790 4210 921 4266 fecerunt
937 4211 1004 4265 viris

220 4297 326 4352 ‹loctisl
343 4299 510 4353 Ponendum
523 4296 710 4374 κατάκρας,
720 4303 849 4372 penitus,
865 4297 1002 4371 funditus,

221 4405 283 4457 quar
300 4403 356 4440 vox
375 4386 462 4459 paulo
484 4387 578 4440 rarior
592 4387 715 4441 hahetur
736 4386 812 4460 apud
831 4387 1003 4461 Sophoclem

220 4474 260 4528 cf.
270 4474 350 4529 Iliad.
363 4473 409 4542 13,
421 4471 625 4544 772,Plrialam
636 4476 730 4549 speeie
741 4493 866 4550 auream,
876 4494 906 4531 re
915 4485 1003 4530 totam

222 4562 406 4637 plumbeam,
421 4565 465 4619 rel
489 4564 600 4637 aliquid
619 4564 767 4636 ejusmodi,
783 4564 830 4623 Cr.
846 4564 941 4620 dicere
958 4566 1002 4618 vi-

220 4653 314 4709 detur.
329 4684 368 4694 -
386 4654 587 4709 Phormionem
607 4657 762 4728 intelligam
786 4655 903 4710 divitem
925 4656 1003 4709 illum

220 4743 433 4811 Atheniensem,
449 4742 484 4797 de
501 4762 559 4816 quo
576 4746 780 4800 Demosthenes
795 4744 866 4799 ttid.
880 4763 911 4817 p.
934 4742 1001 4799 565.

221 4832 293 4884 Eum
309 4830 525 4903 intelligendum
546 4850 606 4887 esse
625 4834 710 4886 etiam
726 4834 825 4905 blein,
839 4834 893 4887 nisi
910 4832 1003 4900 fallor,

221 4918 402 4983 existimavit,
415 4917 548 4989 supplens
559 4920 606 4973 ille
621 4922 746 4997 ἀργυροῦς
761 4917 898 4996 (τρίποδας
910 4916 928 4996 l.
944 4922 1004 4994 Ego

221 5003 319 5058 auldidi
334 5005 385 5059 bet
401 5002 440 5060 δά.
458 5004 577 5060 Codices
590 5003 732 5081 Φορμίων·
747 5007 825 5086 Τρεῖς
837 5008 886 5086 ἔφη
901 5006 1005 5076 στήσειν

222 5112 262 5166 τρ.
278 5092 322 5147 Ad
332 5093 530 5167 Trophonium
540 5093 626 5149 refert
639 5097 725 5151 lllein.

584 5206 648 5267 182.

262 5318 364 5373 Pollux
380 5336 408 5390 7,
427 5318 478 5373 161
498 5338 504 5371 :
527 5316 686 5395 κεράμιον
710 5320 850 5399 οἰνηρὸν
864 5319 1007 5399 Ἡρόδοτος

222 5402 266 5460 καί
282 5406 333 5485 Κρ.
353 5407 410 5461 Nisi
423 5406 478 5461 hoc
491 5406 672 5464 referendum
686 5410 723 5465 ad
737 5412 843 5484 Pytinae
858 5409 957 5484 fragm.
978 5411 1006 5468 8.

489 5582 747 5609 *⁴-

585 5851 646 5900 tat.

156 5921 159 5926 ’
225 5932 264 5985 lta
279 5928 441 5997 conditione,
460 5940 491 5988 ut
501 5947 564 5987 eum
576 5941 650 6004 patre
660 5931 881 5988 coueunaberem.

587 6028 645 6076 118.

194 6139 197 6145 ·
225 6109 297 6162 (lare
307 6121 418 6171 nmnum
432 6107 547 6179 injicias,
564 6125 598 6164 ne
610 6108 736 6165 considas
747 6108 864 6179 plorans.
950 6112 951 6115 ’

589 6202 646 6251 tta.
922 6195 1007 6263 [durii.

226 6283 253 6335 Si
268 6282 370 6354 primus
381 6282 508 6349 venisses,
522 6283 602 6340 etiam
613 6284 701 6340 locum
716 6284 899 6356 reperissesad
913 6284 1008 6341 seden·

1401 1612 1465 1669 Vll.

1343 1761 1522 1827 ettalus.

1082 1919 1222 1976 Cratctem
1238 1918 1454 1983 Atheniensem,
1465 1913 1753 1986 antiquaecomoediae
1766 1935 1839 1990 poe·

1043 2018 1116 2075 tam,
1149 2006 1257 2065 Cratini
1289 2006 1358 2060 olim
1389 2005 1554 2058 histrionem
1581 2001 1665 2057 fuisse
1694 2013 1841 2060 testantur

1042 2096 1203 2150 scholiastes
1214 2092 1359 2167 Aristoph.
1373 2094 1426 2165 eq.
1444 2090 1500 2157 534
1518 2110 1525 2145 ε
1551 2085 1693 2166 κωμῳδίας
1707 2079 1744 2160 ἦν
1760 2111 1840 2163 ποιη·

1043 2204 1104 2256 της,
1119 2180 1146 2247 ὃς
1157 2185 1260 2259 πρῶτον
1277 2179 1432 2260 ὑπεκρίνατο
1443 2176 1510 2258 (τά)
1524 2176 1674 2255 Κρατίνου,
1689 2176 1739 2235 καί
1759 2178 1840 2245 αι’ντδς

1001 2295 1004 2302 ·
1042 2268 1148 2347 ὕστερον
1167 2268 1277 2340 ποιητὴς
1292 2268 1410 2347 ἐγένετο,
1424 2280 1452 2325 et
1468 2273 1633 2340 Anonymus
1656 2268 1702 2322 De
1718 2288 1838 2326 comec-

1044 2359 1092 2413 dia
1104 2379 1135 2434 p.
1152 2378 1191 2415 xv
1204 2377 1212 2416 τ
1227 2362 1318 2415 τοῦτον
1330 2353 1473 2435 ὑποκριτήν
1492 2377 1556 2428 φασι
1567 2352 1703 2431 γεγονίναι
1718 2355 1751 2413 εδ
1763 2360 1838 2436 πρὸ·

1043 2469 1103 2521 τον,
1118 2445 1144 2512 δς
1158 2446 1316 2517 ίπιθέθληκε
1333 2444 1466 2523 Κρατίνῳ.
1482 2444 1648 2518 Olympiadi
1662 2447 1838 2517 Lxxxm,

1045 2545 1061 2603 A
1079 2538 1251 2593 adscribitur
1263 2538 1299 2592 ab
1322 2536 1462 2604 Eusebio,
1478 2552 1537 2608 quo
1552 2552 1629 2588 anno
1640 2535 1772 2608 primam
1794 2538 1838 2593 fa-

1044 2626 1141 2681 bulam
1163 2626 1272 2684 docuit.
1296 2626 1425 2699 Singulos
1436 2625 1566 2678 homines
1586 2623 1748 2678 lacessendi
1763 2645 1838 2681 con·

1044 2714 1221 2770 suetudinem
1243 2715 1290 2769 ille
1304 2714 1363 2768 fere
1391 2713 1497 2782 omisit,
1519 2712 1621 2766 hilaria
1638 2713 1734 2786 magis
1754 2726 1786 2769 et
1802 2715 1839 2770 ad

1044 2804 1248 2878 generaliorem
1266 2820 1380 2856 morum
1397 2802 1539 2876 picturam
1555 2801 1734 2874 pertinentia
1751 2822 1840 2878 argn-

1045 2903 1140 2947 menta
1160 2892 1326 2965 preferens,
1342 2888 1453 2946 καθολου
1467 2888 1558 2961 λόγους
1577 2886 1594 2956 ἢ
1608 2887 1725 2961 μύθους,
1740 2905 1776 2949 ut
1798 2895 1840 2950 lo-

1046 2980 1144 3051 quitur
1159 2979 1324 3033 Aristoteles
1338 2980 1399 3032 Art.
1413 2979 1494 3033 Poet.
1512 2996 1574 3049 cap.
1600 2974 1628 3048 5,
1651 2995 1667 3032 a
1686 2978 1841 3036 Meinehio

1049 3068 1119 3123 llist.
1137 3067 1200 3123 crit.
1217 3085 1247 3139 p.
1266 3063 1360 3138 59-60
1373 3066 1480 3138 optime
1494 3065 1646 3137 expositus.
1663 3066 1841 3141 Anonymus

1047 3156 1144 3226 etiam,
1156 3153 1192 3211 de
1202 3151 1373 3210 pherecrate
1390 3154 1510 3226 loquens
1521 3192 1530 3222 ,
1542 3153 1661 3209 Cratetis
1679 3154 1841 3229 imitatore,

1046 3262 1077 3317 p.
1093 3262 1132 3298 xv
1157 3263 1164 3297 τ
1181 3240 1295 3311 ἐζήλωκε
1311 3240 1454 3321 Κράτητα,
1472 3240 1518 3298 καί
1535 3228 1569 3297 αθ
1582 3244 1628 3298 τοῦ
1646 3239 1695 3317 μίν
1709 3242 1841 3322 λοιδορεῖν

1048 3327 1164 3400 ἀπέστη,
1182 3328 1328 3407 πράγματα
1343 3328 1370 3387 dl
1385 3330 1568 3406 εἰσηγούμενος
1582 3326 1662 3385 καινά
1682 3329 1840 3408 ηὖδοοιίμει,

1047 3415 1841 3495 γενόμενοςεὺρετικδςμθθων.Ευάειιιῑσεῑε,ἰῑεηιᾼῑίνωο

1052 3527 1097 3576 ιο,
1114 3528 1144 3581 p.
1169 3513 1237 3582 δερ,
1259 3512 1294 3576 A,
1312 3509 1420 3581 primus
1438 3518 1501 3581 post
1521 3508 1728 3581 Epicharmurn
1744 3511 1842 3571 Crates

1048 3596 1144 3651 ebrios
1158 3596 1309 3651 induxerat
1325 3597 1353 3649 in
1375 3593 1478 3652 Γείτοσι
1503 3596 1608 3654 fabula.
1631 3597 1684 3652 llle
1704 3615 1779 3654 eum
1798 3621 1842 3675 γε·

1048 3682 1118 3739 λοῑον
1128 3682 1172 3739 καί
1184 3679 1273 3760 ίλαρδν
1280 3695 1393 3757 poetam
1403 3694 1496 3741 vocat.
1505 3684 1711 3757 Aristophanes
1718 3703 1842 3762 quoque

1049 3773 1144 3827 verbis
1158 3774 1223 3828 licet
1245 3773 1340 3844 aliquo
1364 3772 1463 3827 ironiae
1481 3772 1579 3827 colore
1595 3774 1716 3846 aspersis
1741 3775 1842 3832 laudat

1049 3872 1161 3927 tamen,
1176 3862 1270 3933 Equit.
1286 3858 1343 3915 538
1358 3879 1365 3913 ι

1088 3969 1116 4035 ὃς
1127 3968 1178 4028 ἀπὸ
1189 3976 1301 4048 σμικρᾶς
1314 3968 1432 4039 δαπάνης
1442 3972 1510 4044 ὑμᾶς
1519 3968 1657 4047 ἀριστίζων
1667 3968 1843 4048 ἀπέπεμπεν,

1089 4057 1141 4115 άπδ
1164 4056 1350 4137 κραμάοτάτου
1374 4056 1503 4131 στόματος
1530 4056 1636 4132 μάττων
1662 4058 1843 4130 ἀστειοτάτας

1710 4148 1842 4217 ἐπινοίας.

1050 4263 1107 4316 Ubi
1117 4262 1224 4317 scholia
1241 4282 1247 4315 :
1261 4259 1414 4337 ὀλιγόστιχα
1428 4258 1565 4332 ποιήματα
1577 4258 1691 4336 γράψας·
1706 4274 1737 4318 et
1752 4284 1759 4318 :
1780 4286 1843 4341 σμι-

1049 4345 1099 4425 κρά
1114 4346 1204 4418 ἐποίει,
1214 4346 1260 4404 καί
1269 4346 1363 4424 ἔτερπε
1376 4344 1435 4411 τοὺς
1447 4343 1587 4423 ἀκροατάς,
1600 4347 1710 4425 γράρων
1722 4348 1805 4418 ἡδέα·
1818 4368 1845 4410 et

1050 4433 1234 4510 κραμθοτάτου
1259 4456 1265 4490 :
1291 4433 1438 4505 ἡδυτάτου,
1464 4432 1640 4511 ξηροτάτου...
1669 4435 1846 4516 αὐτοσχέδιος

1050 4519 1100 4599 γάρ
1115 4512 1145 4591 ἦν
1158 4521 1218 4599 περὶ
1227 4520 1261 4579 τδι
1276 4521 1418 4599 δράματα,
1431 4524 1503 4577 sieut
1515 4523 1720 4597 Aristophanes
1734 4527 1765 4581 in
1777 4530 1848 4585 alte-

1052 4612 1088 4664 ris
1104 4611 1401 4685 'l'lresmophoriazusis
1422 4630 1530 4665 novum
1553 4611 1700 4684 quoddam
1722 4615 1847 4672 Cratetis

1052 4700 1196 4753 inventum
1220 4697 1456 4775 παραὸεάλημένον
1472 4699 1550 4756 elicit.
1570 4702 1788 4771 Verumtamen,
1815 4718 1847 4760 ut

1051 4798 1159 4842 ceteros
1172 4788 1229 4843 fere
1242 4798 1341 4862 poetas
1356 4789 1494 4857 comicos,
1513 4790 1552 4844 ita
1565 4788 1706 4842 Cratctem
1721 4807 1846 4867 quoque

1051 4877 1195 4948 popularis
1205 4895 1280 4931 aurae
1294 4878 1507 4930 inconstantiam
1518 4886 1666 4950 expertum
1677 4894 1739 4934 esse
1760 4882 1847 4956 signi-

1051 4961 1117 5018 ficat
1128 4965 1327 5037 Aristophanes
1341 4966 1393 5036 Eq.
1410 4962 1464 5034 537
1482 4983 1489 5017 :

1093 5072 1148 5139 οἵας
1160 5073 1188 5130 δὲ
1204 5073 1310 5152 Κράτης
1324 5074 1402 5153 θργδις
1415 5077 1488 5149 ὑμῶν
1500 5074 1629 5153 ἠνέσχετο
1648 5075 1693 5133 καὶ
1707 5083 1845 5159 στυριλι.

1750 5171 1846 5246 specie·

1054 5288 1083 5331 et
1096 5276 1152 5343 540
1171 5297 1177 5331 :

1094 5378 1185 5466 χοῦτος
1194 5386 1281 5463 μέντοι
1295 5390 1372 5464 μόνος
1385 5388 1523 5468 ἀντήρκει,
1536 5389 1594 5448 τοτὲ
1606 5388 1654 5466 μὲν
1664 5390 1775 5453 πίπτων
1786 5398 1848 5457 ποτά

1731 5482 1757 5538 δ’
1773 5486 1846 5565 οὖχί.

1055 5591 1114 5646 Ubi
1132 5591 1212 5665 quod
1234 5592 1399 5647 scholiastes
1411 5605 1509 5648 narrat
1530 5594 1669 5649 Cratctem
1689 5595 1849 5672 largitione

1055 5692 1246 5755 spectatormn
1267 5682 1441 5737 voluntatem
1461 5693 1488 5737 et
1507 5684 1674 5755 applausum
1687 5684 1743 5738 sihi
1760 5689 1849 5748 rede-

1418 5854 1476 5902 180.

1056 5934 1188 5990 Phormio
1203 5942 1258 5989 tres
1273 5938 1452 6004 (argenteos)
1469 5949 1498 5989 se
1514 5933 1715 5990 collocatumm
1730 5950 1797 5997 ease
1811 5942 1852 5998 dt.

1056 6108 1184 6179 tripodas,
1198 6105 1296 6163 deinde
1306 6122 1392 6162 uuum
1403 6107 1497 6162 statuit
1509 6107 1676 6178 plumbeum.
1748 6027 1851 6093 [edm

1420 6200 1466 6248 181
1475 6237 1480 6246 .

1058 6290 1192 6356 Apparere
1206 6299 1326 6351 aurearn,
1340 6280 1402 6338 dein
1419 6299 1511 6339 rursus
1523 6292 1607 6340 totam
1620 6281 1794 6356 plumbeam.
