4084 8009
935 1510 1135 1574 Chattlttls.
1484 1521 1487 1526 '
1804 1532 1841 1579 aa

226 1624 249 1681 oi
262 1625 305 1683 καί
319 1626 360 1683 διὰ
378 1631 423 1685 τοῦ
437 1652 452 1706 γ
465 1632 618 1710 γράφουσιν.
637 1634 663 1691 ἔν
677 1657 743 1693 τισιν
761 1638 868 1713 (intell.
885 1640 1006 1719 ἀντιγρά-

225 1716 295 1793 φοις)
308 1718 335 1773 ἐν
347 1717 484 1784 Μαλακοῖς
495 1719 580 1794 (cod.
595 1723 757 1802 μαλακροῖς)
779 1726 910 1804 Κρατίνου
924 1751 1008 1807 παρι-

225 1799 321 1873 φύλαζε
338 1802 393 1881 (ita
410 1807 544 1864 Bloclrius
569 1829 624 1884 pro
639 1810 827 1889 πτριερύλαζε)
851 1814 1008 1896 Σύμμαχος.

225 1890 323 1945 Cetera
338 1910 453 1964 quoque
467 1897 590 1950 correxit
602 1897 797 1959 Casaubonus.
815 1927 828 1952 ι
844 1904 886 1959 Ne
897 1902 1008 1975 ζυμίτην

224 1975 349 2033 οῑπλίων
367 1980 522 2052 desideres,
540 1985 671 2058 suspicor
683 1987 743 2043 baec
761 1986 799 2045 ab
817 1990 933 2047 homine
944 1995 1007 2047 Do-

223 2066 307 2119 riensi
316 2069 500 2140 pronuntiata
507 2089 576 2126 esse.
587 2103 626 2114 -
634 2074 707 2129 Usus
717 2076 856 2149 igitur-Cr.
867 2090 908 2133 est
917 2079 1008 2136 forma

223 2149 385 2230 γνάφαλλον,
408 2156 488 2229 quod
510 2169 539 2214 et
556 2160 650 2233 ipsum
672 2161 845 2220 documento
867 2177 926 2240 est,
947 2170 1007 2222 Do-

223 2242 344 2296 riensern
359 2244 418 2299 haee
432 2246 560 2300 locutum
573 2266 649 2317 esse;
663 2260 696 2303 ut
709 2252 784 2305 enirn
796 2264 904 2310 veteres
919 2257 1008 2311 Attici

224 2339 386 2385 constanter
402 2331 536 2390 dixerunt
553 2330 677 2391 κνάπτειν
692 2347 721 2392 et
739 2334 864 2417 κναφεὺς,
881 2359 939 2396 που
956 2361 1008 2399 au-

223 2425 279 2469 tem
296 2415 419 2490 γνάπτειν
443 2431 472 2475 et
493 2418 603 2498 γναφεὺς
626 2423 667 2498 (v.
688 2426 781 2484 Dobr.
802 2429 840 2484 ad
859 2431 1004 2505 Aristoph.

222 2503 454 2582 Plut.166)‚ita
476 2509 591 2565 eosdem
610 2508 758 2589 κνάφαλλον
783 2516 827 2569 vel
850 2514 1005 2593 κνέφαλλον,

221 2607 279 2643 non
294 2602 389 2647 autem
402 2592 551 2673 γνόφαλλον
569 2598 614 2652 vel
632 2595 791 2675 γνόφαλλον,
812 2601 913 2658 dixisse
935 2623 1006 2658 con-

221 2688 385 2734 sentaneum
399 2693 451 2737 est.
472 2708 483 2732 «ι
503 2685 592 2739 Mein.
609 2687 709 2740 Verbis
728 2686 774 2744 πλ.
794 2688 950 2765 γναφάλλων
969 2694 1006 2746 si·

220 2763 374 2837 gnificatur
387 2772 467 2843 panis
478 2790 619 2830 acerosus.

596 2894 625 2951 h.

261 2999 383 3074 Hesych.
410 3000 523 3079 Βρυτίνη
553 3023 559 3055 :
586 3003 612 3058 ἐν
634 3004 723 3060 liele.
752 3030 764 3051 ι
787 3002 912 3082 Ἀμοργὸν
936 3004 1006 3063 ἔνδον

222 3084 344 3162 βροτίνην
359 3089 445 3157 νήθειν
459 3089 527 3148 τινά,
545 3091 664 3166 »leod
679 3088 793 3169 άμοργον
812 3124 850 3135 -
869 3089 946 3150 νίθειν
966 3095 1004 3167 τ.)

221 3168 310 3239 ἔπαιξε
325 3174 430 3247 (intell.
446 3178 517 3253 Κρ.)
534 3175 596 3255 πρὸς
608 3176 638 3234 τὸ
653 3177 726 3253 πόμα
738 3176 767 3234 τὸ
783 3176 909 3257 βρύτινυν.
927 3182 1006 3238 Idem

219 3262 307 3331 paulo
319 3262 434 3319 inferius
448 3263 563 3341 Βρυττόν
575 3265 583 3336 (
590 3262 644 3342 sic)
655 3263 758 3321 επθντδ
768 3266 797 3322 ἐκ
807 3269 904 3345 τρυφῆς
916 3266 1003 3327 ποτόν.

223 3372 235 3395 «ι
251 3351 319 3419 Quae
331 3352 369 3407 ita
381 3354 507 3427 corrigo,
522 3354 621 3429 Βρῦτον
634 3374 641 3407 :
655 3374 684 3408 π.
698 3353 728 3409 τὸ
743 3353 773 3409 ἐκ
786 3352 920 3431 τρύγηςπ.
935 3360 1004 3413 Ατο-

219 3446 287 3490 taeus
298 3439 385 3512 Capp.
400 3458 425 3510 1,
441 3458 475 3512 9,
486 3460 515 3515 p.
540 3440 576 3510 8,
592 3437 622 3495 τδ
636 3441 686 3496 τῶν
704 3440 817 3517 βροτέων
831 3444 912 3518 πῶμα
925 3464 1003 3499 com·

218 3537 365 3583 memorat.
371 3528 554 3584 Galenusvol.
563 3528 592 3600 6,
600 3548 630 3602 p.
641 3527 696 3594 342
704 3529 790 3587 Chart
799 3550 806 3584 :
815 3527 843 3585 τὸ
849 3527 898 3607 γάρ
905 3532 1003 3588 τοιτῶν

219 3609 331 3687 βρυτίων
345 3611 501 3690 άπόὸρεγμα
519 3615 653 3687 καλοῦσιν,
670 3614 734 3692 ὅπερ
747 3606 780 3672 αθ
794 3613 874 3672 πάλιν
888 3618 912 3673 οἱ
931 3621 1002 3675 ἀττι-

218 3696 328 3763 κίζοντες
342 3699 496 3774 ὀνομάζουσι
511 3701 654 3779 δευτερίαν.
673 3705 773 3777 ltaque
786 3705 938 3777 probabile
952 3719 1000 3776 est,

218 3787 322 3842 nonde
334 3790 523 3862 restantique,
534 3790 583 3846 sed
589 3791 756 3865 depotuagi
767 3794 797 3845 in
806 3792 913 3847 Cratini
923 3796 999 3853 loco.

218 3875 342 3932 Proinde
352 3878 449 3932 nescio
465 3896 502 3933 an
515 3897 611 3934 versus
625 3881 665 3935 ita
677 3878 845 3936 scribendus
857 3882 892 3935 sit
908 3899 914 3937 :

267 3988 398 4092 θμοργιν
414 3995 499 4067 ἔνδον
519 4003 657 4094 βρυτίνην
673 4004 755 4074 eleo
773 4029 852 4071 τινα.

218 4124 330 4205 Ἀμόργη
354 4131 412 4185 sive
439 4128 565 4207 άμοργις,
589 4150 723 4200 urrenrcn,
752 4135 869 4207 proprie
895 4134 1001 4191 dicitur

217 4218 348 4289 aquatilis
367 4219 505 4274 olivarum
517 4219 642 4276 humor:
658 4239 687 4277 v.
705 4220 867 4276 Schneider.
889 4223 926 4277 nd
944 4224 999 4279 Ca-

217 4315 276 4359 ton.
296 4308 332 4365 R.
357 4309 394 4363 R.
412 4326 466 4380 99,
488 4328 519 4382 p.
539 4307 606 4367 15⁴.
620 4308 702 4365 Idem
713 4307 819 4364 uomeir
830 4310 867 4376 ad
880 4311 939 4365 vini
952 4311 998 4366 sae·

217 4410 277 4447 cem
295 4393 377 4450 fuisse
389 4395 570 4464 trarrslatum,
587 4395 710 4452 ostendit
723 4397 817 4471 Etym.
833 4394 870 4452 lt.
882 4415 912 4472 p.
932 4417 997 4472 129,

219 4479 252 4534 13
273 4500 279 4535 :
297 4478 409 4559 Ἀμόργη
437 4468 467 4538 ἐκ
487 4485 532 4538 τοῦ
553 4482 659 4560 άμίργω
682 4479 791 4558 γίνεται.
823 4482 945 4557 σημαίνει
972 4484 999 4541 δὲ

216 4563 276 4637 δύο,
293 4564 339 4635 τὴν
356 4567 525 4641 ὑποστάθμην
546 4572 592 4624 τοῦ
614 4567 701 4625 ἐλαίου
719 4569 764 4625 καί
785 4568 831 4639 τὴν
850 4569 933 4646 τρύγα
952 4576 999 4627 τοῦ

215 4652 294 4711 οἴνου.
309 4657 368 4711 Nec
386 4655 487 4711 dubito
502 4657 572 4728 quin
594 4657 630 4711 de
649 4656 770 4729 cujusvis
793 4660 903 4731 generis
924 4660 999 4714 sedi-

214 4754 311 4798 ntcnto
331 4742 438 4798 dictum
455 4742 553 4801 luerit.
568 4743 668 4817 ltaque
684 4742 803 4821 άμόργην
817 4747 875 4801 sire
889 4744 998 4824 άμοργιν

216 4832 259 4905 βρ.
276 4830 450 4886 ludibundus
460 4842 545 4906 poeta
558 4830 671 4886 videtur
683 4831 784 4888 dixisse
799 4852 920 4889 crassum
934 4838 997 4890 hor·

214 4918 310 4973 deacei
325 4929 410 4993 potus
425 4916 589 4989 humorem,
611 4938 696 4992 quem
713 4932 814 4993 potum
834 4922 935 4995 aliquis
951 4922 997 4994 ju·

215 5005 298 5059 betur
312 5005 438 5079 eliquare
451 5025 502 5061 seu
517 5007 682 5080 percolere,
699 5008 780 5075 ἠθείν.
794 5009 924 5084 Geopon.
947 5011 994 5080 18,

217 5094 252 5148 18
273 5112 279 5147 :
297 5090 400 5170 άμύργη
412 5090 506 5158 άναλος
524 5096 661 5163 διηθεῖται.
674 5098 718 5151 De
730 5095 827 5151 formis
841 5095 949 5173 άμοργὶς
969 5113 997 5154 ct

213 5177 321 5257 άμοργις
337 5182 488 5253 Arcadius,
507 5185 565 5238 sive
578 5184 673 5257 potius
688 5184 877 5254 Herodianus,
894 5189 937 5241 lle
949 5206 995 5242 ac·

214 5279 287 5329 cont,
310 5289 339 5343 p.
356 5288 412 5343 29,
433 5289 470 5325 aa
490 5288 496 5327 :
516 5268 554 5326 ἔτι
568 5268 601 5324 τὰ
622 5270 658 5333 εἷς
673 5292 694 5333 ις
711 5267 899 5328 πολυσύλλαόα
920 5271 993 5350 (ὀξύ

212 5358 300 5431 νεται)
315 5355 474 5433 στρατηγὶς,
490 5356 620 5435 ἁλουργὶς,
641 5355 750 5435 ἀμοργίς
769 5358 841 5434 (hoc
856 5360 928 5417 sorte
950 5364 995 5419 ne·

212 5445 335 5515 glcctum
345 5439 404 5501 esse
416 5464 433 5501 a
446 5447 573 5514 librario,
584 5446 778 5520 viditlllcin.].
791 5444 819 5503 τδ
831 5444 857 5503 δὲ
870 5445 995 5525 άμοργις,

212 5531 416 5607 ἠύποστάθμη,
440 5534 589 5613 βαρύνεται.
609 5536 724 5608 SuidaS,
744 5532 884 5613 Ἀμαργίςε
901 5536 994 5614 κυρίοις

212 5623 228 5687 ἡ
250 5621 454 5697 λευκοκαλοίμη,
482 5620 507 5689 ἐξ
530 5614 560 5693 ἧς
582 5622 681 5700 γίνεται
706 5621 839 5699 ἐνδύματα
863 5623 992 5701 ἀμόργινα

211 5706 349 5782 λεγόμενα.
365 5704 382 5777 ί,
396 5714 413 5780 ἡ
428 5713 473 5766 τοῦ
492 5710 580 5767 ἐλαίου
591 5709 763 5786 ὑποστάθμη,
778 5711 824 5767 καί
841 5716 859 5780 ἡ
874 5710 933 5790 τρθξ
947 5719 991 5771 τοῦ

211 5794 289 5855 οίνου.
307 5800 362 5871 Qui
380 5800 511 5855 confudit
533 5799 659 5877 άμοργίς,
679 5798 743 5871 ίδος,
763 5804 850 5857 linum
867 5809 991 5875 noroegi-

211 5905 288 5955 nnnt,
308 5900 336 5943 et
348 5885 471 5966 άμοργις,
485 5912 531 5955 εως
539 5934 547 5960 ,
562 5894 617 5946 οΙεί
629 5893 818 5947 secllnreutam.
838 5917 849 5939 υ
866 5894 891 5945 E
900 5895 988 5946 Mcin.

588 6105 614 6152 d.

211 6216 360 6267 Λιιιυιοοιιι
379 6210 453 6266 lutus
477 6210 655 6269 hordeaceam
673 6214 789 6285 aliquam
805 6217 883 6278 (nist
900 6219 992 6285 potins·

686 6302 813 6372 [aliquem
824 6308 832 6367 )
844 6302 990 6371 percolere.

1011 6238 1015 6333 ί
1039 6306 1097 6371 lpse
1114 6300 1206 6355 lbcrus
1218 6315 1280 6353 cunr
1296 6299 1398 6358 hircina
1414 6299 1508 6358 batha.

1431 1651 1459 1710 6.

1098 1752 1197 1807 Pollux
1220 1773 1248 1823 7,
1269 1774 1320 1825 171
1343 1775 1349 1809 ε
1366 1756 1395 1812 οὐ
1414 1753 1491 1830 μόνον
1510 1755 1537 1812 δὲ
1552 1757 1567 1812 θ
1585 1754 1629 1813 ἐπὶ
1647 1758 1698 1813 τῶν
1720 1758 1838 1835 κεφαλῶν

1057 1837 1231 1913 ἐπιτιθέμενος
1251 1842 1325 1908 πῖλος
1343 1842 1423 1909 οὕτως
1438 1844 1573 1916 ἐκαλεῖτο,
1590 1842 1658 1901 άλλδι
1679 1844 1723 1902 καὶ
1747 1849 1761 1901 ὁ
1780 1847 1841 1925 περὶ

1056 1927 1109 1992 τοῖς
1122 1928 1208 2001 ποσίν,
1219 1932 1253 1995 ὡς
1267 1931 1341 2000 δηλοῖ
1356 1935 1407 2011 Κρ.
1422 1934 1449 1990 ἓν
1462 1934 1564 2010 Μαλθ,
1578 1932 1661 2012 λέγων

1104 2048 1232 2123 Λευκοθς
1247 2048 1305 2113 ὑπὸ
1324 2049 1430 2116 ποσσὶν
1447 2050 1526 2142 ἔχων
1542 2050 1660 2125 πίλους.

1057 2171 1155 2229 Ποσσίν
1172 2178 1256 2230 metri
1270 2179 1363 2252 gratia
1381 2197 1436 2253 pro
1454 2177 1531 2236 ποσὶν
1549 2179 1635 2234 blein.
1648 2179 1720 2236 Cod.
1740 2178 1836 2236 Kuhn.

1055 2263 1126 2317 mire
1141 2263 1269 2336 μαλακοῖς
1283 2263 1354 2322 λαὼν
1368 2264 1463 2330 κακοὺς
1478 2264 1527 2322 ὑπὸ
1541 2287 1570 2322 π.
1590 2256 1643 2343 εἶχε
1658 2288 1687 2323 π.
1702 2269 1757 2324 Sed
1769 2269 1838 2324 alte-

1055 2368 1118 2405 rum
1128 2370 1223 2408 rursus
1232 2356 1347 2411 exhibet
1359 2354 1461 2413 Pollux
1476 2375 1522 2425 ro,
1540 2356 1586 2412 50.

1432 2470 1460 2523 6.

1093 2577 1252 2655 Stephanus
1266 2584 1333 2654 Byz.
1349 2602 1371 2641 s.
1384 2603 1412 2641 v.
1430 2580 1531 2660 Ἰύηρία
1546 2603 1577 2659 p.
1595 2592 1665 2654 410,
1680 2588 1738 2640 sive
1760 2587 1837 2659 apud

1054 2668 1268 2725 Constantinum
1293 2670 1474 2747 Porphyrog.
1493 2675 1536 2727 De
1557 2673 1663 2729 admin.
1682 2674 1753 2747 imp.
1775 2676 1834 2729 23:

1053 2749 1147 2831 ’16ηρ,
1169 2749 1292 2833 ’16ηρος,
1319 2758 1333 2811 δ
1358 2751 1497 2835 Ἰόηρος...
1520 2759 1564 2814 καί
1589 2786 1601 2808 ι
1626 2757 1722 2825 αὐτὸς
1749 2758 1837 2831 ’16η-

1055 2861 1105 2917 ρος
1128 2841 1347 2919 τραγοπώγων
1364 2871 1376 2895 ν
1396 2846 1422 2902 ἐν
1435 2846 1526 2904 Μαλθ.
1546 2846 1648 2924 εἴρηται
1668 2848 1808 2922 Κρατίνου.

1055 2952 1067 2974 ι
1079 2928 1277 2999 uerberibus,
1293 2931 1507 2988 Atheniensium
1517 2937 1715 3004 mercenariis,
1727 2949 1837 2993 constat

1055 3015 1186 3073 ex'l‘huc.
1204 3017 1231 3086 6,
1243 3016 1339 3089 903cl.
1353 3020 1456 3093 Bergk.
1470 3019 1629 3079 Commeat.
1641 3022 1748 3095 psas.
1764 3049 1775 3071 ν
1789 3028 1832 3079 Μ.
1883 3073 1887 3081 .

1429 3153 1456 3202 7.

1093 3235 1185 3306 Etym.
1200 3238 1239 3289 Μ.
1254 3255 1283 3309 p.
1302 3237 1375 3310 482,
1389 3256 1445 3305 aa,
1462 3235 1635 3301 litidumus
1648 3237 1834 3309 εθάπληστος,

1053 3316 1095 3376 διδ
1106 3320 1254 3399 διφθόγγου,
1263 3321 1495 3401 προπαροξύνεται.
1511 3323 1585 3402 παρὰ
1595 3324 1641 3382 τὸν
1652 3324 1745 3397 καύὸν,
1755 3326 1834 3384 ὅέστι

1053 3406 1146 3485 μέτρον
1162 3409 1267 3466 σιτικόν.
1290 3411 1342 3486 Κρ.
1357 3411 1449 3471 Μαλθ.
1466 3411 1521 3468 ἔστι
1537 3410 1563 3468 δὲ
1582 3411 1670 3491 κύριον
1686 3416 1834 3489 πεποιημέ-

1052 3515 1094 3551 νον
1109 3493 1181 3573 παρδ
1193 3495 1241 3567 τὴν
1263 3485 1397 3571 αἶσανίί).
1414 3500 1550 3555 Similiter
1563 3498 1647 3558 Phoe.
1665 3512 1693 3556 ct
1709 3504 1832 3575 llesych.

1050 3602 1077 3638 ν.
1103 3581 1255 3654 Κάὸαιαος,
1280 3596 1308 3639 et
1333 3583 1439 3641 Pollux
1468 3586 1502 3656 6,
1523 3586 1577 3659 43,
1596 3589 1703 3643 Cratini
1719 3594 1834 3647 nominc
1860 3627 1866 3637 ·

1051 3674 1165 3727 omisso.
1187 3696 1198 3720 a
1218 3672 1304 3745 Quod
1323 3670 1449 3737 κάύαισος
1462 3692 1515 3748 per
1530 3674 1740 3750 diphthongum
1762 3679 1834 3734 scri-

1050 3759 1175 3814 bendum
1187 3778 1246 3816 esse
1260 3760 1340 3831 dicit,
1353 3763 1550 3835 Etymologus,
1567 3764 1681 3830 lecitid,
1695 3766 1791 3834 credo,
1802 3780 1833 3821 ut

1049 3866 1154 3903 nomen
1163 3849 1235 3903 illud
1245 3868 1262 3904 a
1273 3846 1425 3920 Καόαοσὸς,
1437 3851 1627 3926 Cappadociae
1642 3854 1762 3927 oppido,
1776 3856 1833 3911 dis·

1049 3932 1199 4011 tingueret.
1215 3961 1227 3987 υ
1242 3939 1284 3992 Μ.
1427 4019 1444 4071 8

1090 4122 1207 4179 Photius
1224 4127 1290 4179 Lex.
1305 4124 1333 4191 θ,
1357 4123 1428 4192 185,
1443 4145 1492 4192 ar,
1511 4125 1641 4182 Κυλλοῧ
1663 4125 1833 4199 (1.1(6λλου,

1049 4211 1114 4267 coll.
1130 4212 1234 4266 dreadv
1251 4231 1282 4285 p.
1300 4210 1353 4280 56,
1368 4211 1421 4279 23,
1438 4223 1466 4266 et
1484 4214 1570 4269 Prov.
1585 4213 1667 4270 Bodl.
1688 4213 1760 4287 571)
1775 4215 1831 4283 πη·

1048 4316 1095 4373 ραν
1111 4316 1118 4356 :
1135 4301 1152 4367 ἡ
1172 4298 1253 4377 Πήρα
1269 4298 1364 4377 χωρίον
1383 4297 1445 4375 πρὸς
1460 4301 1498 4376 τῷ
1510 4297 1656 4378 ’λ’μηττῷ,
1680 4292 1744 4377 ἐνῷ
1763 4303 1831 4378 ἱερὸν

1048 4383 1213 4464 Ἀφροδίτης,
1235 4386 1280 4444 καί
1300 4385 1402 4465 κρήνη,
1426 4384 1452 4452 ἐζ
1472 4378 1504 4457 ἧς
1521 4390 1548 4443 αί
1567 4392 1673 4445 πιοῦσαι
1697 4389 1830 4448 εύτοκοῦσι

1047 4474 1091 4530 καί
1115 4476 1142 4531 αἱ
1165 4474 1255 4551 ἄγονοι
1281 4475 1382 4551 γόνιμοι
1406 4474 1529 4550 γίνονται.
1554 4476 1606 4552 Κρ.
1633 4474 1660 4532 δὲ
1681 4478 1707 4533 ἐν
1740 4479 1829 4537 Μαλθ.

1048 4586 1059 4611 α
1075 4560 1199 4619 Καλιθν
1214 4589 1226 4611 ι
1242 4561 1323 4631 αὖτλν
1334 4560 1420 4639 φησίν.
1441 4564 1464 4618 oi
1476 4560 1503 4617 dl
1524 4563 1701 4640 Κολλοπήραν
1718 4566 1831 4637 (Suiclas

1049 4647 1153 4707 Κύλλου
1168 4647 1283 4726 πήραν).
1297 4649 1420 4706 τάττεται
1436 4648 1493 4717 δθή
1509 4649 1640 4727 παροιμία
1651 4649 1695 4705 ἐπί
1713 4653 1765 4707 τῶν
1783 4653 1828 4721 τὴν

1047 4735 1121 4816 φύσιν
1133 4735 1293 4815 βιαζομένων
1309 4736 1335 4803 li
1343 4736 1543 4816 ἐπιτεχνήσεως.
1555 4739 1651 4796 Verba
1664 4740 1734 4797 Καλ.
1746 4740 1828 4808 αὐτὴν

1046 4824 1123 4902 φησὶν
1135 4830 1165 4881 in
1177 4828 1252 4882 libro
1264 4846 1315 4886 ms.
1328 4847 1343 4883 a
1354 4839 1518 4883 correctore
1527 4826 1626 4883 addita
1637 4845 1711 4902 esse,
1727 4839 1754 4883 et
1762 4843 1830 4903 post

1047 4912 1222 4991 Κολλοπῆραν
1246 4916 1392 4971 dimidium
1416 4933 1529 4970 versum
1548 4915 1660 4986 deesse,
1682 4920 1828 4974 annotavit

1044 5005 1135 5062 Dobr.
1149 5002 1253 5062 Καλιδν
1262 5007 1492 5081 interpolationis
1500 5016 1660 5080 suspectum
1673 5003 1768 5061 reddit
1779 5019 1828 5063 tes·

1044 5095 1194 5149 timonium
1207 5095 1363 5150 Herodiani
1375 5093 1440 5170 Περί
1453 5091 1581 5171 μονήρους
1591 5091 1645 5160 λίζ.
1660 5114 1689 5169 p.
1709 5114 1753 5165 rr,
1768 5097 1802 5151 16
1818 5118 1824 5150 :

1046 5179 1146 5246 Κύλλος
1161 5185 1213 5258 (ita
1227 5183 1312 5238 Dind.
1332 5184 1444 5257 Fmgru.
1461 5183 1607 5255 Aristoph.
1629 5200 1657 5256 p.
1683 5202 1757 5257 ιαμ,
1771 5202 1826 5257 pro

1043 5266 1131 5346 ύλλος)
1151 5269 1181 5326 τὸ
1199 5268 1299 5349 κύριον,
1313 5258 1343 5326 ού
1362 5267 1493 5343 μέμνηται
1513 5267 1557 5325 καί
1573 5267 1760 5347 Ἀριστοφάνης
1781 5272 1826 5326 καὶ

1043 5359 1094 5431 Κρ.
1104 5360 1130 5415 ἐν
1141 5359 1230 5415 Μαλθ.
1240 5356 1392 5431 Cyllusistc
1402 5359 1488 5412 homo
1497 5360 1689 5432 pauperculus
1695 5357 1739 5411 vel
1749 5376 1824 5413 men-

1042 5445 1125 5502 dicus
1144 5446 1228 5502 luisse
1248 5447 1374 5515 videtur,
1397 5446 1477 5517 cujus
1498 5464 1569 5521 pero
1593 5447 1729 5512 viatoria,
1754 5447 1823 5500 nihil

1041 5544 1144 5607 praeter
1153 5548 1255 5609 panem
1266 5545 1294 5590 et
1304 5536 1412 5609 aliquid
1424 5537 1536 5608 opsonii
1547 5536 1707 5601 continens,
1720 5535 1748 5587 in
1757 5554 1825 5608 pro·

1041 5621 1172 5678 verbiurn
1184 5623 1262 5680 abiit.
1278 5624 1408 5677 Alienum
1425 5620 1502 5696 Πήρα
1517 5618 1623 5697 χωρίον.

1417 5722 1445 5773 9.

1083 5807 1261 5862 Herodianus
1280 5805 1346 5882 Περὶ
1369 5828 1427 5878 μον.
1449 5803 1502 5869 λέξ.
1529 5827 1559 5879 p.
1585 5806 1614 5873 8,
1632 5806 1684 5871 tta,
1712 5808 1746 5859 ‹lc
1767 5825 1821 5858 nn-

1042 5895 1164 5950 minibus
1184 5899 1265 5957 ίιινος
1285 5894 1479 5950 desinentibus
1500 5913 1508 5951 t
1526 5893 1689 5968 Τισαμενὸς,
1702 5891 1820 5966 deiope-

1040 6141 1123 6197 hlhos
1134 6142 1185 6197 sub
1200 6140 1312 6212 pedihus
1325 6084 1432 6197 λούοιτο)
1437 6104 1520 6211 pilos.

1415 6226 1432 6275 6
