4084 8009
272 1527 327 1577 372

711 1600 715 1606 η
778 1521 914 1582 MEDIAE
935 1521 1146 1586 COMOEDIAE
1168 1526 1372 1603 RELIQUIAE

269 1671 331 1726 quae
347 1651 388 1707 ibi
402 1653 482 1708 attuli
493 1695 502 1726 ‚
514 1652 587 1709 adde
599 1671 662 1728 quae
673 1653 759 1709 hahet
769 1656 916 1731 Polyaenus
925 1656 1050 1734 Strateg.
1099 1656 1171 1734 γικδς
1186 1660 1213 1717 ἰν
1228 1657 1346 1737 Σεμέλῃ,
1357 1651 1388 1731 ἧς
1404 1660 1501 1740 ἡάρχὴ
1515 1690 1526 1713 ι
1539 1652 1580 1723 Ὦ
1592 1663 1697 1734 vixere!
1712 1694 1723 1720 ι
1745 1672 1772 1725 E
1781 1672 1829 1727 M.
1847 1673 1896 1729 12·-

269 1741 299 1812 8,
314 1761 344 1816 p.
360 1759 429 1815 297·
448 1742 504 1796 uli
517 1744 560 1800 M.
640 1757 644 1766 ·

299 1831 408 1889 dthen.
434 1849 464 1886 rr
474 1872 483 1902 ,
495 1850 527 1906 p.
551 1829 623 1900 503,
636 1832 659 1886 B
673 1830 727 1905 (cs.
741 1832 895 1891 Διπλααέων
919 1835 955 1894 fr.
974 1836 1004 1914 1)
1018 1878 1053 1896 ...

1100 1747 1146 1803 bri
1164 1744 1244 1824 Ὀρθ.
1259 1744 1373 1824 ὤρυττέν
1393 1771 1431 1813 τις
1501 1750 1670 1828 προσελθὼν,
1690 1759 1772 1830 qumi
1793 1777 1896 1816 revera

1101 1834 1187 1889 iratus
1198 1834 1262 1907 quis
1272 1835 1319 1889 alii
1340 1835 1478 1892 accedens
1495 1841 1610 1896 oculum
1621 1842 1783 1916 effodisset,
1810 1848 1895 1921 quod

268 1917 295 1976 tv
318 1916 346 1976 δλ
368 1920 400 1996 τῇ
424 1917 527 1997 Καρίνῃ
544 1920 695 1995 (praecedit
711 1923 811 1998 ecloga
832 1942 868 1980 ex
889 1927 1053 1999 Equitibus,
1100 1930 1141 1978 δί
1156 1922 1284 1993 nimium,
1294 1940 1346 1979 nec
1356 1925 1517 1982 verisimile.

269 2006 305 2064 fr.
331 2004 364 2084 r)
395 2007 483 2083 οαρῶς
505 2007 644 2084 δηλοῦται,
669 2002 709 2064 ὅτι
734 2008 818 2088 τούτῳ
844 2011 900 2090 (τῷ
924 2014 1052 2092 ψυκτῆρι)

145 2130 148 2136 ·
268 2094 382 2174 ἐχρῶντο
395 2094 567 2173 οἰνοχοοῦντες
581 2095 677 2175 κυάθιρκ
690 2094 770 2155 εἰπὼν
784 2095 835 2177 γὰρ

366 2254 413 2267 -
428 2213 575 2311 Τρίποδα,
589 2220 642 2286 καὶ
657 2214 763 2301 κάδον,

316 2318 453 2416 ’ψυκτῆρά
465 2322 495 2393 τ’
513 2322 592 2392 οἴνου
606 2327 809 2419 παραθέμενος
826 2330 1013 2421 μεθύσκεται,

268 2459 294 2517 έν
311 2466 364 2527 τοῖς
378 2458 435 2531 ἑξῆς
450 2461 520 2519 ποιεῖ
534 2460 611 2519 αὐτὸν
625 2460 734 2538 λέγοντα

364 2620 414 2637 —-·
432 2588 546 2652 Ούκοθν
558 2585 648 2663 πότος

315 2690 400 2757 ἔσται
417 2683 626 2785 σροδρότερος,
646 2692 671 2758 εἰ
689 2693 797 2786 φράσαι
811 2720 856 2771 τις
877 2724 893 2758 ιι
911 2695 1052 2779 Οὐκέτι,

313 2798 368 2864 τὸν
384 2790 419 2863 δὲ
432 2792 523 2866 κάδον
541 2794 601 2877 ἔξω
614 2800 665 2865 καὶ
684 2799 720 2866 τὸ
737 2803 882 2892 ποτόριον
895 2795 999 2868 λαθὼν

316 2902 461 2997 άιτόρερε,
475 2900 578 2972 πάλλει
590 2931 624 2973 τε
642 2905 753 2975 πάντα.
778 2930 794 2965 ν

267 3041 348 3098 Libri
360 3042 411 3122 Tp.
433 3041 478 3100 καλ
495 3041 573 3102 κάδον
590 3048 690 3124 παραθ.
708 3045 824 3123 (malim
835 3043 944 3102 leniore
961 3056 1055 3102 metro

266 3128 437 3209 παρθέμενος,
451 3143 484 3188 ut
498 3134 618 3211 παρτιθεῖ
638 3134 739 3208 Odyss.
768 3153 795 3203 ι,
818 3151 871 3207 ¹9²
883 3132 913 3209 ,)
932 3134 964 3211 ψ.
980 3134 1004 3190 τ’
1016 3132 1056 3190 οἴ-

267 3238 310 3276 νου
325 3221 385 3295 μεθ.
400 3219 511 3276 Deinde
531 3218 615 3286 Πότος
636 3218 710 3277 ἔσται
734 3220 825 3298 αροδρ.
845 3219 947 3291 οὐκοῦν,
970 3220 992 3277 si
1007 3243 1053 3299 ρρ.

266 3329 313 3377 τις,
322 3306 369 3364 ode
381 3304 418 3364 ἔτι
427 3304 510 3374 ἔξεστι
520 3305 649 3375 κυαθίζειν
661 3306 723 3385 γάρ,
734 3306 778 3365 τδν
790 3306 818 3365 δθ
830 3305 908 3365 κάδον
918 3340 959 3353 -
969 3307 1054 3366 τάλλα

266 3393 361 3452 πάντα.
373 3399 439 3452 Haec
452 3415 513 3452 non
535 3398 575 3452 ita
589 3395 705 3453 difficile
719 3396 773 3452 fuit
786 3397 816 3452 in
828 3397 959 3453 ordinem
975 3398 1055 3454 redi-

266 3488 340 3558 gere'
354 3494 382 3539 et
403 3483 581 3556 versificare,
603 3484 696 3541 deleto
718 3485 868 3542 manifesto
889 3488 1057 3560 glossemate

267 3568 508 3716 έξροτμὶκυαθύζιιν
532 3568 595 3649 γάρ.
619 3575 653 3628 In
681 3572 737 3630 fine
763 3577 942 3631 Hermannus
969 3573 1054 3632 τᾶλλα

265 3680 334 3716 παντ
371 3682 398 3720 α.

495 3773 583 3833 va.
607 3774 826 3835 ΚΗΠΟΥΡΟΣ.

305 3901 391 3975 Quod
403 3920 438 3957 ex
447 3902 501 3958 hac
514 3901 609 3960 rabula
626 3914 773 3979 superest,
786 3905 911 3978 positum
925 3906 955 3959 in
966 3908 1053 3961 Arca·

266 3992 309 4049 dis
326 3992 424 4067 fragm.
438 4010 466 4047 a.

484 4102 589 4162 uxvt.
613 4100 840 4189 utesrpeoz.

650 4252 675 4292 1.

305 4346 408 4402 Athen.
424 4344 453 4414 8,
466 4363 495 4418 p.
509 4344 583 4415 342,
598 4348 624 4401 D
639 4365 646 4402 :
660 4342 758 4402 Μάτων
774 4342 801 4401 δὲ
814 4345 828 4400 θ
842 4339 977 4422 ποριστὴς,
988 4343 1052 4487 ὀρο-

265 4431 346 4591 ράγρς
360 4422 402 4503 ἦν.
425 4432 499 4502 δηλοῖ
521 4430 548 4489 δθ
569 4432 640 4488 τοῦτ’
658 4430 728 4491 Ἀντ.
752 4434 779 4490 έν
804 4432 998 4509 Κιθαριρδῷ,ο
1035 4435 1052 4499 ἡ

285 4543 317 4600 θλ

315 4651 359 4715 Οὐ
379 4642 485 4734 ψεῦδος
500 4638 585 4712 οὐδέν
603 4671 706 4736 φησιν.

386 4748 532 4781 δδθ

314 4853 478 4947 ὀφθαλμὸν
497 4860 604 4947 ὤρυττ’
621 4855 658 4921 οἷν
672 4883 740 4934 τις,
754 4859 852 4948 ὥσπερ
870 4857 968 4948 ἰχθύος

314 4962 449 5042 Μάτων,
466 4962 653 5052 προσελθών.

270 5113 282 5139 ι
299 5087 384 5161 Quod
395 5085 546 5144 exordium
561 5088 680 5158 fabulae,
693 5106 728 5144 ex
743 5106 798 5163 qua
810 5089 1003 5147 testimouium
1017 5091 1053 5149 de

1481 2058 1508 2094 a.

1142 2150 1234 2221 Etym.
1247 2149 1286 2203 hl.
1303 2167 1332 2222 p.
1346 2148 1416 2219 683,
1431 2156 1467 2216 ad
1483 2168 1492 2207 :
1512 2151 1558 2207 καλ
1569 2150 1675 2230 Λέριλος
1689 2151 1717 2213 δέ
1731 2156 1898 2233 μνημονεύει

1101 2238 1146 2290 τοῦ
1160 2232 1275 2312 πόρκον,

1141 2357 1246 2419 Θᾶττυν
1260 2357 1365 2419 πλέκειν
1378 2359 1467 2421 κέλευε
1483 2360 1587 2443 πόρκων
1597 2363 1781 2447 πυκνοτέρους.

1102 2479 1147 2538 καὶ
1161 2477 1229 2539 Ἀντ.
1246 2481 1392 2561 Κιθαρῳδῷ

1150 2591 1350 2689 Εἰσδυόμενος
1366 2598 1405 2676 εἰς
1423 2601 1543 2694 πόρκον,
1562 2603 1626 2670 ὅθεν
1642 2597 1699 2680 ἔξω
1709 2602 1802 2670 πάλιν

1150 2708 1183 2770 ού
1199 2699 1306 2795 ῥᾳδίως
1324 2705 1421 2799 ἔξειμι
1437 2712 1493 2783 τὴν
1513 2712 1605 2785 αὐτὸν
1623 2702 1708 2780 ὀδόν.

1101 2841 1257 2897 Meinehius
1267 2860 1296 2900 ν.
1312 2862 1324 2898 1
1336 2844 1416 2900 malit
1429 2841 1451 2900 δ’
1463 2843 1508 2909 εἰς.

1481 2956 1507 3013 3.

1141 3067 1245 3130 Athen.
1261 3070 1289 3138 3,
1301 3089 1332 3144 p.
1351 3076 1405 3140 τίς,
1424 3074 1468 3145 Α,
1482 3074 1587 3130 omisso
1602 3076 1718 3133 nomine
1731 3076 1893 3152 scriptoris,

1102 3156 1186 3213 affert
1201 3158 1290 3214 verba
1302 3156 1401 3215 στελέω
1420 3158 1563 3238 ῥαφανίδας
1578 3160 1680 3229 σικύους
1692 3162 1831 3242 τέτταρας.
1845 3169 1893 3224 sic

1102 3244 1169 3302 eod.
1183 3249 1221 3316 Α,
1232 3242 1344 3302 οτελέων
1357 3249 1437 3305 PVL.
1454 3272 1465 3297 ι
1479 3249 1610 3307 Correxit
1619 3262 1648 3307 et
1658 3253 1812 3326 Antiphani
1828 3255 1892 3309 vin·

1103 3332 1210 3389 dicavit
1223 3336 1367 3390 Porsonus
1382 3335 1499 3394 Miscell.
1509 3355 1541 3411 p.
1558 3337 1626 3408 234,
1641 3338 1714 3396 duce
1727 3342 1891 3415 hesychio,

1103 3418 1229 3479 Στειλεάν
1244 3419 1310 3490 :rhu
1324 3418 1429 3500 μακράν
1440 3420 1566 3501 ράρανον.
1581 3423 1650 3482 Ἄντ.
1663 3426 1690 3483 ἐν
1705 3427 1763 3484 Κιθ.
1781 3451 1794 3477 ι
1807 3429 1835 3483 E
1842 3430 1889 3489 M.

1101 3511 1140 3565 At
1150 3511 1213 3583 quis
1231 3509 1328 3566 credat
1344 3511 1518 3567 vocabulum
1532 3510 1635 3569 ττειλεδι
1648 3511 1776 3588 (crederit
1786 3515 1889 3590 Odys,

1103 3614 1157 3667 ar,
1173 3597 1247 3671 hae)
1261 3609 1288 3654 et
1302 3598 1377 3670 hoc,
1391 3609 1421 3656 et
1432 3600 1616 3657 manubrium
1629 3604 1753 3677 securis,
1774 3604 1892 3678 signid-

1102 3695 1195 3744 casse?
1207 3686 1334 3744 Affectus
1352 3688 1467 3744 videtur
1479 3690 1561 3745 locus
1576 3690 1727 3764 Hesychii‚
1739 3692 1790 3765 qui
1810 3692 1893 3749 locus

1101 3775 1140 3830 sic
1149 3774 1280 3831 habuerit
1295 3794 1302 3830 ε
1316 3771 1465 3854 Ῥαφανῑδα
1483 3795 1490 3830 :
1503 3772 1551 3845 τήν
1563 3773 1667 3854 μακράν
1678 3774 1803 3856 ῥάφανον.
1809 3780 1891 3836 Istud

1102 3858 1219 3919 στειλεθν
1237 3863 1267 3917 iu
1278 3864 1457 3939 autographo
1478 3866 1607 3938 suspicor
1627 3864 1711 3921 misse
1724 3862 1887 3937 τέλειαν,π,

1101 3962 1196 4007 autem
1210 3950 1284 4008 forte
1298 3952 1328 4007 in
1341 3972 1374 4008 στ
1385 3963 1525 4008 mutatum
1541 3971 1615 4024 esse,
1626 3963 1659 4009 ut
1671 3954 1755 4026 alias,
1773 3974 1893 4012 vocem·

1101 4056 1158 4112 que
1183 4039 1272 4113 ipsam
1289 4057 1324 4095 ex
1342 4041 1503 4116 Antiphane
1523 4040 1560 4095 ad
1582 4042 1754 4115 hesychium
1778 4041 1889 4099 adscri-

1100 4138 1191 4201 ptam.
1202 4125 1299 4184 Potest
1305 4129 1401 4204 igitur,
1412 4139 1444 4184 ut
1452 4138 1550 4205 poeta,
1558 4130 1666 4186 victum
1677 4130 1826 4188 citharoedi
1836 4131 1890 4190 de·

1100 4215 1243 4285 scribens,
1256 4216 1360 4272 dixerit

1150 4341 1277 4405 Πέλειαν
1295 4335 1344 4425 ἂν,
1365 4333 1535 4432 ῥοιροινῑδα,
1551 4346 1667 4420 σικύους
1682 4346 1839 4436 τέτταρας.
1889 4393 1891 4397 ψ

1295 4500 1410 4560 vau.
1444 4501 1693 4561 ΚΙΘΑΡΙΣΤΗΣ.

1141 4676 1152 4698 ε
1182 4648 1380 4720 citharistam,
1416 4668 1475 4723 quo
1503 4651 1588 4705 titulo
1614 4650 1699 4704 etiam
1732 4649 1887 4709 Menander

1100 4738 1501 4814 scripsitfabulam‚habemus
1510 4737 1598 4793 hodie
1608 4737 1685 4812 apud
1695 4757 1784 4792 unum
1794 4740 1885 4795 Clean

1100 4828 1185 4882 chum
1200 4825 1305 4883 Athen.
1332 4825 1378 4895 15,
1399 4844 1430 4900 p.
1449 4825 1518 4894 681,
1539 4827 1571 4894 C,
1588 4844 1647 4899 quo
1671 4825 1890 4898 quiCitharoedi

1102 4933 1207 4969 nomen
1228 4914 1338 4969 restitui
1356 4912 1516 4986 jusserunt,
1538 4932 1597 4967 non
1615 4913 1825 4987 reputaverint,
1844 4914 1883 4969 di-

1100 5022 1177 5059 versa
1188 5002 1410 5058 cidraroedorum
1422 5013 1449 5057 et
1457 5003 1663 5057 citharistarum
1673 5001 1769 5056 munia
1781 5000 1887 5059 hiisse:

1099 5111 1128 5150 v.
1152 5091 1284 5148 Valchcn.
1302 5089 1382 5166 apud
1400 5090 1555 5164 Koppiers.
1571 5090 1681 5145 Observ
1716 5107 1746 5162 p.
1771 5097 1839 5158 τόν,
1859 5101 1887 5145 et

266 5180 380 5233 hiatoue
392 5176 494 5233 afferre
510 5178 619 5247 voluit,
634 5179 687 5233 sibi
700 5180 981 5236 commemorandum
998 5199 1053 5255 pu·
1099 5180 1210 5254 Proleg.
1229 5177 1363 5252 Hermog.
1379 5175 1457 5250 apud
1470 5178 1610 5232 Walzium
1630 5177 1750 5234 Rhetor.
1766 5183 1795 5246 a,
1811 5195 1841 5252 p.
1859 5197 1888 5247 7.

266 5268 335 5322 tavit
350 5267 518 5334 Athenaeus,
543 5265 603 5337 ejus
613 5268 655 5322 rei
671 5266 749 5322 haud
769 5268 822 5323 alia
838 5267 921 5324 fuisse
939 5268 1053 5325 videtur
1100 5268 1251 5342 Pomponii
1266 5265 1451 5322 Citharistam
1465 5263 1562 5320 laudat
1571 5266 1679 5320 Nonius
1689 5284 1717 5323 v.
1729 5266 1888 5322 Irascere..

266 5371 348 5409 causa
366 5371 468 5425 quam,
486 5352 567 5425 quod
581 5353 643 5409 duae
658 5354 811 5410 Citharoedi
830 5354 969 5411 editiones
977 5355 1053 5412 iere-
1100 5356 1179 5413 ΕΜ.

265 5442 381 5516 bantur,
397 5460 516 5514 quarum
532 5443 667 5498 alterutro
686 5444 800 5498 carebat
813 5444 867 5499 isto
880 5446 1051 5503 testimonio.
1138 5441 1290 5499 Clearchus
1310 5442 1331 5496 l.
1347 5441 1368 5495 l.
1391 5458 1400 5496 :
1419 5437 1468 5517 δρα
1484 5436 1542 5505 τοθς
1565 5437 1609 5496 τὸν
1629 5438 1727 5513 κόσμον
1747 5437 1887 5496 σανδάλων

265 5530 399 5585 Similiter
419 5529 495 5586 idem
515 5529 560 5598 13,
575 5549 605 5604 p.
621 5529 696 5604 559,
713 5532 751 5601 F,
773 5527 904 5608 Καρκίνος
922 5527 944 5588 δ’
958 5532 972 5588 ὁ
986 5553 1051 5610 τροι-
1099 5527 1252 5606 ἀνευρόντας
1275 5525 1517 5602 Λακεδαιμονίους,
1536 5524 1562 5583 oi
1583 5527 1626 5583 τὀν
1641 5523 1818 5583 παλαιότατον
1838 5528 1886 5595 τῆς

543 5643 802 5652 -—-.---.-—---·—-

569 5711 744 5766 PRAEFICA.
1363 5693 1634 5749 ClTHhROEDUS.

393 5812 400 5825 .
1483 5786 1508 5836 1.

266 5916 294 5964 et
303 5808 772 5979 cattfflieiiiisiiiiiieurmur.
1101 5873 1278 5943 N⁰q⁰⁸q¹¹⁸m
1292 5868 1346 5925 ¹¹⁰⁰
1359 5866 1532 5990 ’ῃωΐᾶἰίῃζῃ
1539 5865 1620 5989 :mit

304 6034 339 6045 -
355 6005 442 6075 Igitur
456 6010 537 6075 potus

266 6094 346 6161 [uum
358 6089 423 6146 licet
432 6088 538 6162 cyathis
548 6086 705 6160 indulgere]
1100 6038 1218 6095 ⁰⁰⁰¹¹¹¹¹¹
1231 6035 1363 6095 medens
1374 6035 1485 6108 aliqui&
1498 6036 1619 6108 ⁰¹1³&ss

300 6181 305 6191 .
381 6180 388 6192 .
457 6177 464 6189 .
516 6178 522 6188 .
657 6177 664 6190 .
928 6177 934 6190 .
1101 6129 1206 6193 Meton,
1220 6124 1369 6183 effodisset.

268 6176 731 6250 eritacuor‚s1qursquamdrcett
751 6178 838 6234 «Non
851 6178 985 6251 amphus,
1479 6200 1496 6249 2

266 6267 313 6323 sed
327 6265 425 6323 cadum
435 6274 463 6323 et
472 6266 602 6339 poculum
617 6264 794 6340 prehensum,
1100 6269 1191 6338 Quum
1203 6263 1345 6321 inciderim
1360 6264 1387 6321 in
1401 6272 1469 6331 rete,
1481 6236 1557 6322 uude
1570 6280 1666 6322 rursus

265 6362 412 6428 ceteroque
424 6354 503 6412 auter
517 6353 608 6410 omnia
641 6377 652 6400 ν
1100 6353 1175 6413 haud
1189 6352 1269 6411 facile
1284 6351 1532 6410 exihoeademria.
