4084 8009
729 1465 1011 1528 trottooontts
1033 1466 1194 1527 Gerous,

224 1602 245 1662 l.
271 1600 556 1662 AllOllAP'l'EPssll
582 1599 599 1668 ἢ
625 1598 876 1659 ΦΙΛΑΔΕΛΦΟΙ.

194 1824 297 1883 Athen.
317 1844 362 1895 ιι,
375 1841 405 1899 p.
423 1828 492 1895 472,
508 1823 530 1879 C
544 1844 550 1877 :
565 1819 758 1896 Ἀπολλόδωρος
772 1819 821 1877 δ’ὁ
836 1820 937 1897 Γελῷος

157 1913 184 1968 ἐν
201 1909 378 1991 Φιλαδέλφοις
391 1907 660 1988 ἢἈποιιαρτεροῦντι,
678 1906 757 1987 φησὶν

251 2064 299 2075 -
315 2018 430 2117 δφεὶῆς
446 2011 614 2116 στριδματᾎ
631 2023 856 2115 ἀργυρώματα,

204 2129 389 2223 θηρίκλειαι,
405 2128 458 2197 καὶ
472 2127 595 2222 τορευτὰ
607 2135 762 2202 πολυτελῆ
778 2131 912 2219 ποτήρια

203 2239 303 2328 ἕτερα.

154 2366 243 2421 Versu
257 2363 352 2421 xtibri
362 2360 506 2441 θηρίκλειοι
519 2343 653 2440 septasol:
667 2361 788 2419 Porson.
804 2359 938 2439 θηρίκλεια

156 2448 200 2506 καλ
212 2449 321 2528 τορευτὰ
335 2472 364 2509 π.
380 2472 412 2510 π.
428 2447 602 2528 θιρίκλειαι,
622 2451 713 2509 intell.
738 2446 850 2512 κῦλικες.
870 2473 881 2495 ι
897 2448 938 2503 Si·

155 2541 251 2595 xnilem
275 2557 372 2595 rerum
395 2539 584 2615 pretiosarum
609 2556 755 2593 recensum
770 2536 837 2592 vide
862 2535 940 2610 apud

155 2628 341 2684 Menandrum
355 2624 409 2685 Ἀλ.
423 2634 451 2695 Ι..
467 2628 536 2683 llaec
554 2625 726 2701 Apollodori
742 2624 859 2698 Carystii
882 2639 940 2678 esse

156 2715 196 2769 ait
210 2714 310 2771 Suidas
323 2734 351 2775 v.
367 2711 523 2781 Σπουδάζιυ.
536 2715 575 2770 »E
586 2714 629 2769 M.
673 2722 701 2778 ο

534 2835 560 2877 a.

195 2933 277 2991 Stob.
301 2933 380 2990 Flos.
408 2931 454 3003 16,
474 2949 521 3003 ιι,
537 2949 603 2988 cum
622 2931 754 2987 lemmate
776 2927 939 2988 Ἀπολλοδώ·

157 3041 202 3096 ρου
213 3017 422 3100 Ἀποκαρτερῶν.

205 3130 293 3203 Ἀλλὰ
307 3129 416 3226 σχεδόν
435 3161 465 3202 τι
480 3135 516 3201 τὸ
536 3133 703 3226 κεφάλαιον
711 3139 774 3197 τῶν
789 3139 891 3197 κακῶν

205 3240 335 3333 εἴρηκας·
352 3246 382 3308 ἐν
396 3240 572 3334 φιλαργυρίᾳ
581 3238 638 3334 γὰρ
652 3233 745 3305 πάντ’
760 3239 815 3302 ἔνι.

392 3398 428 3456 ΙΙ.
449 3393 706 3456 ΔΕΥΣΟΙΙΟΙΟΣ.

195 3526 238 3583 lta
258 3527 372 3583 Kuster.
392 3545 409 3584 ε
425 3525 514 3582 codd.
529 3525 630 3599 Paris,
648 3541 708 3578 non
726 3520 895 3590 Δευσοποιοὶ,
909 3532 942 3576 ut

157 3614 243 3688 vulgo
255 3625 284 3669 et
298 3614 376 3689 apud
388 3613 562 3682 Euduciam3
584 3613 614 3671 h.
626 3629 653 3668 e.
673 3612 799 3679 Tinctor,
814 3611 873 3665 sive
893 3610 940 3664 ln·

158 3701 265 3771 fector;
292 3702 359 3757 alias
377 3703 485 3776 passive
505 3701 637 3757 colorum
661 3698 819 3773 epitheton,
846 3714 872 3753 e.
897 3715 939 3772 gr.

155 3784 689 3867 apudDiplrilumXovspdpsse.llloe1-ist
704 3783 940 3844 Δευσοποιοὶοῖτει-

157 3879 224 3946 κῶς,
237 3877 328 3956 βαφεῖς
337 3878 438 3942 κοινῶς.
451 3877 626 3934 Mentionem
637 3875 770 3931 dramatis
781 3874 847 3930 lecit
856 3875 939 3930 etiam

156 3965 265 4024 Suidas.

433 4068 490 4127 Ill.
516 4067 654 4127 lllPElA.
698 4100 701 4106 ,

197 4192 269 4249 Vide
283 4193 312 4248 in
326 4192 490 4268 fragmentis
507 4193 627 4267 Carystii
643 4191 823 4267 Apollodori.
836 4192 940 4247 Nostro

160 4278 291 4335 tribuunt
301 4276 403 4335 Suidss
416 4291 445 4336 et
461 4280 600 4339 Eudocia.

369 4400 420 4461 ιι.
444 4375 733 4461 snosutnorzx.

196 4522 299 4579 Athen.
315 4521 344 4593 3,
359 4541 391 4598 p.
410 4520 475 4594 125,
491 4525 516 4581 A
533 4523 568 4580 ιδ
583 4519 642 4580 Ἀπ.
656 4517 680 4576 δ’
692 4520 707 4577 δ
719 4518 820 4599 Γελῷος
831 4515 937 4575 καὶτοῦ

159 4605 257 4667 λάκκου
273 4609 369 4681 αὐτοῦ,
384 4605 475 4688 &asp
492 4611 569 4684 ἡμεῖς
586 4604 715 4685 λέγομεν,
739 4601 897 4680 μνημονεύιι
913 4601 940 4660 ἰν

158 4696 347 4775 ’Ἀπολειπούσῃ
362 4695 453 4769 οὕτως,

206 4807 372 4907 λγωνιῶαα
385 4813 436 4879 τόν
449 4838 483 4879 τε
501 4822 553 4881 τοῦ
563 4810 679 4879 λιίκιιου
692 4803 788 4877 κάδον

204 4922 322 4985 λύσασα
333 4918 385 4985 καὶ
397 4919 457 5014 τὸν·
466 4928 518 4985 τοῦ
533 4920 673 5012 φρέατος,
693 4918 842 5011 εὐτρεπεῖς

205 5023 259 5104 τὰς
275 5021 391 5118 ἱμονιὰς
406 5021 569 5116 πεποίηκα.

157 5178 168 5202 ι
182 5155 233 5209 Vix
251 5153 372 5209 dubium
390 5154 460 5227 quin
473 5152 532 5208 haec
548 5150 694 5208 amuliere
712 5147 845 5205 dicantur
857 5146 887 5201 in
899 5146 940 5201 ci·

156 5252 279 5297 sternam
293 5240 474 5314 descensura,
487 5240 604 5296 fortasse
617 5249 648 5295 ut
660 5257 676 5294 ιι
690 5236 783 5293 mariti
793 5232 940 5307 injuriisse

158 5337 296 5387 tueretur.
313 5328 347 5384 ld
358 5328 460 5384 fabular
468 5329 566 5385 titulus
577 5325 832 5384 videturindicare.
844 5319 940 5377 Situlae

162 5414 237 5468 fimes
254 5425 347 5470 autem
363 5417 500 5492 solverat,
521 5425 554 5473 ul
567 5416 672 5472 scalam
683 5412 751 5470 inde
771 5407 936 5476 conficeret,

212 5581 340 5636 tNEDiA
359 5583 475 5639 virtu
493 5585 638 5641 stlattas
662 5581 703 5639 vel
730 5579 888 5639 rasurus

480 5672 615 5728 AllANS.

536 5773 559 5821 1.

194 5891 226 5901 -
242 5824 379 5919 Continuo
388 5864 539 5937 stropulos,
552 5881 614 5924 rasa
629 5877 769 5940 urgenter,

157 5948 297 6045 Tlrericles
308 5959 335 6005 et
347 5951 442 6008 relate
454 5954 572 6023 pretiosa
587 5955 684 6027 pocula

157 6034 219 6091 elta.
535 6117 560 6165 π,

158 6209 210 6267 Sed
226 6218 309 6283 caput
320 6212 454 6269 malorum
467 6212 524 6270 fere

158 6295 249 6352 dixisti
265 6316 271 6352 :
286 6300 316 6353 in
327 6300 436 6356 arantis
451 6300 526 6357 enim
537 6304 629 6360 omnia
641 6303 744 6363 insunt.

268 6403 408 6441 niumm
428 6405 564 6445 mulcenti!
578 6408 718 6450 cumuli!-

1710 1480 1765 1528 est

986 1599 1067 1671 cujus
1078 1618 1132 1674 ope
1144 1600 1173 1654 in
1185 1608 1304 1673 putenm
1316 1598 1508 1655 descenderet.
1525 1626 1534 1646 ιι
1554 1603 1577 1654 F.
1589 1602 1632 1658 M.
1652 1605 1738 1656 l'crsu
1752 1603 1767 1656 ‘l

984 1687 1022 1740 sic
1036 1688 1198 1762 Dalecamp.
1215 1705 1269 1762 pro
1279 1683 1444 1753 πεποίηκας.

1136 1815 1160 1871 V
1193 1812 1619 1875 ΙῬΑΜΜΑΤΕΙΔΙΟΠΟΙΟΣ.

1026 1936 1119 1993 Suide
1146 1950 1175 1995 et
1203 1938 1337 1995 liudociae
1361 1952 1480 1995 vocatur
1502 1939 1768 2017 Γραμματόδειπιος,

984 2025 1034 2081 sed
1046 2026 1147 2081 Pollux
1159 2034 1188 2097 4,
1206 2045 1241 2101 ¹9
1258 2047 1265 2082 ε
1281 2024 1463 2106 γραμματεῖον
1480 2025 1507 2084 dl
1524 2024 1598 2105 παρδι
1616 2030 1670 2092 τοῖς
1680 2027 1769 2087 Ἀττι-

985 2112 1039 2178 ιιοῖς
1049 2112 1096 2171 καὶ
1110 2114 1138 2171 δν
1151 2104 1174 2193 ᾧ
1188 2113 1310 2193 ἀργύριον
1320 2112 1459 2189 δπίιιειτο,
1472 2112 1486 2173 δ
1501 2116 1712 2195 (γραμματεῖον)
1724 2117 1770 2174 καὶ

985 2199 1106 2260 κιὸιῖιτιον
1119 2202 1238 2262 ἐκάλουν·
1255 2204 1279 2262 ol
1296 2202 1324 2261 di
1339 2202 1460 2280 νεώτεροι
1474 2202 1538 2263 adel
1554 2206 1600 2263 sal
1612 2207 1769 2286 ἀργυριοδή-

985 2312 1034 2360 κην
1045 2289 1191 2365 ὠνόμαζον.
1206 2290 1401 2371 Ἀπολλοδώρου
1414 2289 1442 2350 δὲ
1452 2296 1497 2351 τοῦ
1508 2291 1613 2371 Γελῴου
1626 2294 1671 2352 καλ
1681 2296 1770 2373 δρᾶμα

985 2380 1056 2436 ἐστιν
1072 2380 1379 2458 δΓραμματιιδιοποιός.
1393 2383 1437 2438 lta
1451 2384 1535 2439 etiam
1551 2403 1597 2453 xo,
1613 2386 1686 2459 193:
1703 2386 1729 2443 la
1742 2385 1769 2444 li

985 2470 1022 2546 τῷ
1034 2473 1080 2526 τοῦ
1090 2465 1195 2549 Γελῴου
1210 2467 1267 2528 Ἀπ.
1279 2470 1544 2550 Γραμματειδιοποιῷ
1559 2470 1728 2547 κυμινοδόκη·

1035 2578 1156 2661 Μεταξὺ
1168 2594 1230 2653 τῶν
1240 2586 1340 2679 λόγων
1356 2578 1390 2651 δὲ
1402 2585 1490 2651 τουτί
1507 2612 1557 2677 μοι
1573 2581 1659 2654 δοκεῖ

923 2727 927 2734 -
1034 2682 1246 2782 κυμινοδόιιιιν,
1256 2697 1290 2758 οὐ
1306 2698 1532 2783 γραμματεῖον,
1546 2698 1720 2787 περιφέρειν.

986 2840 997 2866 ι
1012 2819 1147 2875 Formula
1160 2815 1257 2893 μεταξὺ
1270 2821 1322 2877 τῶν
1336 2817 1421 2895 λόγων
1432 2822 1626 2895 colloquentes
1638 2838 1771 2881 excusant

987 2905 1084 2962 subito
1101 2907 1253 2982 abruptum
1270 2919 1298 2964 et
1318 2910 1375 2964 alio
1402 2909 1563 2965 traductum
1585 2929 1769 2982 sermonem:

985 2993 1044 3050 vid.
1056 2994 1205 3051 Heindorf.
1215 2995 1251 3052 ad
1265 2996 1388 3052 Platonis
1398 2996 1545 3052 Phaedrum
1559 3016 1590 3071 p.
1606 2999 1662 3056 ιιδ
1679 3017 1686 3053 z
1703 2998 1770 3078 ἀτδρ

986 3079 1084 3156 μεταξὺ
1093 3083 1145 3138 τῶν
1156 3082 1250 3157 λόγων,
1264 3072 1307 3162 ἆρ’
1319 3083 1349 3140 οὗ
1359 3083 1416 3140 τόδε
1431 3074 1464 3153 ἦν
1474 3083 1505 3141 τὸ
1520 3082 1594 3162 δι’νδρ
1609 3109 1634 3157 ν,
1649 3089 1690 3165 ἐφ’
1705 3086 1769 3164 ὅπερ

986 3160 1047 3238 ἦγες
1059 3171 1146 3245 ἡμᾶς
1162 3171 1258 3227 Tertio
1274 3173 1341 3228 loco
1361 3172 1462 3227 Pollux
1476 3192 1502 3244 7,
1521 3192 1587 3249 190,
1606 3177 1772 3249 simpliciter

986 3257 1159 3330 Apollodori
1166 3277 1271 3315 nomen
1278 3260 1374 3334 posuit
1381 3276 1389 3317 t
1397 3257 1634 3335 Ἐκπιιματοποιδς
1643 3261 1670 3319 ll
1681 3264 1770 3339 δρᾶμα

987 3341 1129 3415 Ἀλέξιδος,
1171 3344 1215 3401 καὶ
1252 3348 1274 3405 Γ
1276 3346 1525 3423 ραμματειδιοποιδς
1567 3348 1769 3427 Ἀπολλοδώρου.

986 3434 1089 3489 Athen.
1103 3455 1129 3505 7,
1145 3454 1175 3510 p.
1189 3435 1258 3507 280,
1269 3439 1308 3512 D,
1318 3438 1404 3493 etiam
1417 3438 1489 3494 hanc
1504 3439 1628 3495 rabulam
1640 3439 1770 3515 Carystio

986 3520 1151 3597 adscripsit,
1165 3523 1264 3596 inqua
1278 3523 1397 3583 casaub.
1412 3538 1556 3582 recoctum
1573 3527 1697 3603 aliquem
1712 3529 1773 3588 for-

986 3610 1127 3665 mularum
1149 3621 1200 3666 aut
1228 3612 1322 3667 litium
1345 3624 1565 3688 procuratorem
1588 3619 1771 3691 perstrictum

987 3695 1072 3753 fuisse
1086 3699 1241 3772 existimat,
1257 3701 1425 3757 assentiente
1443 3699 1596 3760 llemsterh.
1620 3705 1657 3761 ad
1681 3707 1773 3763 Pollu·
1895 3712 1900 3722 '

987 3803 1050 3842 cern
1067 3804 1111 3857 ιο,
1128 3786 1193 3861 193.
1205 3790 1247 3843 Ac
1261 3805 1326 3844 sane
1339 3788 1513 3864 γραμματεῖα
1529 3802 1559 3847 et
1570 3793 1770 3870 γραμματείδια

987 3878 1092 3952 passim
1106 3875 1242 3933 dicunnrr
1263 3878 1353 3934 libelli
1374 3879 1420 3935 rel
1431 3880 1613 3953 ‘instrumenti
1625 3875 1771 3954 judicialis

989 3964 1032 4039 (v.
1048 3964 1087 4021 sd
1097 3964 1284 4021 Menandrum
1292 3984 1323 4041 p.
1340 3961 1528 4042 115);neque
1537 3971 1619 4026 aliter
1629 3974 1772 4047 accepisse

986 4051 1101 4107 videtur
1129 4052 1245 4110 Grotius
1272 4054 1406 4128 Excerpt.
1437 4074 1467 4129 p.
1494 4054 1568 4126 δυο,
1592 4059 1771 4132 Libellificem

986 4142 1196 4214 interpretaris.
1212 4140 1412 4199 Potesttamen
1424 4143 1510 4199 etiam
1519 4144 1617 4214 homo,
1628 4148 1676 4219 qui
1685 4167 1771 4221 γραμ·

987 4233 1100 4301 ματεῐα,
1116 4228 1145 4284 h.
1159 4246 1184 4285 e.
1196 4226 1385 4307 δργυριοδήκας
1398 4230 1563 4299 fabricatur,
1577 4234 1707 4308 intelligi.
1729 4239 1769 4292 Eo

985 4315 1046 4390 ipse
1057 4333 1109 4371 nos
1122 4317 1223 4373 Pollux
1236 4317 1326 4374 ducit.
1340 4344 1352 4368 ι
1366 4319 1446 4377 ΕΜ.

1236 4435 1287 4495 vt.
1311 4437 1522 4496 ΨΕΥΔΑΙΑΣ.

1032 4584 1044 4610 π
1061 4561 1198 4616 Vitiosum
1210 4556 1334 4625 Ψιυδίας
1349 4561 1426 4636 spud
1444 4562 1610 4623 liudociam.
1634 4565 1773 4632 Ψιυδπίιις

987 4649 1063 4703 enim
1073 4645 1151 4702 haud
1164 4646 1252 4703 dubie
1262 4647 1354 4704 dictus
1366 4660 1535 4723 personatus
1549 4650 1619 4723 Ajax
1629 4696 1637 4726 ,
1648 4664 1676 4708 et
1689 4655 1773 4711 sirni-

988 4735 1029 4790 lcs
1051 4734 1125 4790 tituli
1138 4744 1203 4789 sunt
1221 4735 1397 4792 Pherecratis
1414 4747 1441 4792 et
1455 4736 1602 4794 llenandri
1621 4738 1771 4821 Ψευδηρα-

987 4823 1070 4892 κλῆς,
1084 4823 1237 4879 Nicostrati
1252 4821 1503 4900 Ψευδοστιγματδας
1512 4841 1527 4898 ,’
1542 4825 1677 4884 Timoclis
1697 4830 1773 4888 Ψευ·

987 4906 1130 4985 δολῃσταὶ,
1156 4910 1261 4966 Cratini
1277 4921 1305 4966 et
1327 4911 1445 4987 Crobyli
1469 4912 1744 4991 Ψιυδυποδολιμαῑος.
1760 4947 1771 4968 .

987 4999 1012 5051 E
1028 4999 1070 5051 M.
1092 4994 1194 5052 Pollux
1217 5016 1264 5067 ro,
1287 4996 1351 5068 138,
1364 5000 1394 5054 in
1407 4999 1600 5076 descriptione
1620 5017 1772 5080 apparatus

986 5085 1140 5144 militaris:
1162 5081 1207 5141 sal
1230 5093 1393 5162 στρωματεῖς
1407 5084 1433 5145 dl
1454 5089 1505 5162 (cl.
1523 5093 1616 5147 Alexis
1637 5094 1722 5170 Κρατ,
1737 5095 1769 5169 ll

988 5170 1045 5230 Ἀπ.
1057 5193 1085 5229 τι
1097 5173 1112 5230 δ
1126 5170 1228 5250 Γελῷος
1237 5169 1296 5251 ἔφη,

1034 5284 1202 5376 Μάχαιρα,
1219 5286 1341 5378 λόγχη,
1358 5294 1565 5380 στρωματεύς.

1191 5573 1312 5629 VlRUM
1329 5575 1573 5645 RELINQUENS.

991 5659 1091 5715 Animo
1103 5659 1266 5715 conturbato
1277 5659 1460 5733 situlamque
1471 5662 1499 5718 in
1512 5665 1627 5721 cisterna
1639 5675 1688 5731 est.

988 5753 1016 5800 et
1027 5745 1085 5816 ejus
1096 5759 1157 5817 quae
1173 5746 1307 5817 inpulso,
1322 5746 1480 5816 exsolvi,et
1493 5752 1555 5807 usui
1571 5767 1632 5809 meo
1671 5795 1673 5799 -

989 5831 1292 5890 accommodavilunes.
1370 5875 1374 5882 .

1143 5922 1379 5981 rstntcttolt
1397 5927 1612 5985 THECARUM.

987 6009 1027 6065 Ut
1037 6014 1127 6064 autem
1141 6006 1211 6064 inter
1222 6024 1363 6067 sermones
1373 6010 1481 6080 diuum,
1495 6012 1548 6071 ltoo
1558 6016 1625 6073 mihi
1638 6017 1746 6076 ridetur

989 6094 1091 6150 cumini
1113 6093 1321 6165 repositorium,
1339 6113 1395 6155 non
1416 6103 1631 6173 argentitlxesam
1653 6106 1771 6163 eircum-

1245 6233 1386 6298 rsusus
1406 6227 1510 6298 stix..
1601 6263 1604 6269 ,
1688 6176 1768 6234 terre.

987 6320 1076 6386 Ensis,
1103 6320 1194 6392 inusta,
1214 6325 1295 6381 vestis
1307 6326 1436 6398 stragula.

1639 6432 1666 6473 li
