4084 8009
221 1483 275 1533 702

270 1622 301 1674 Σ.
322 1589 424 1697 Kalpe
441 1607 494 1696 μὲν
508 1602 557 1670 οὖν
572 1604 618 1680 τίς
632 1608 695 1671 ἐστι
706 1604 772 1697 περὶ
786 1609 842 1679 τήν
859 1604 999 1697 Θουρίαν,

267 1717 299 1797 β.
317 1711 369 1789 Εἰς
386 1710 442 1787 τὰς
457 1701 606 1786 Φοδιακάς
621 1713 688 1787 ὅλος
705 1710 878 1804 ἀπηνέχθην
888 1711 948 1803 ἐγὼ

220 1816 240 1886 5
267 1816 404 1895 καὶτοὺς
420 1812 557 1908 ἐφιίόους,
575 1816 690 1905 Σωσία,
707 1820 775 1897 τοὺς
788 1814 951 1909 δυσχερεῖς.

218 1973 251 2026 V.
269 1989 280 2024 1
305 1970 431 2026 Pierson.
452 1967 489 2023 ad
503 1968 606 2024 Moerin
625 1987 655 2043 p.
674 1966 750 2025 302:
770 1963 855 2046 τούτῳ
874 1964 902 2024 δί
917 1962 999 2045 προό-

216 2078 274 2114 πιεν
285 2054 440 2135 δβασιλιύς.
451 2056 512 2133 Fuga
524 2057 651 2114 scribor.
666 2054 712 2112 δ’ὁ
728 2050 887 2133 βασιλεὺς
901 2050 999 2132 προῦ-

217 2168 291 2203 πιιν
314 2168 340 2205 κ.
356 2168 382 2205 τ.
398 2150 431 2205 V.
448 2165 465 2203 ν
485 2147 552 2201 libri
572 2142 598 2201 τί
611 2148 656 2201 νῦν
669 2148 755 2214 τοῦτο,
770 2147 819 2200 ubi
834 2148 879 2200 νῦν
897 2141 1001 2201 delevit

216 2235 377 2295 Jacobsius.
404 2234 553 2290 Παννονίαν
568 2230 658 2291 καινόν
678 2253 704 2289 τι
728 2235 774 2288 νῦν
796 2234 874 2289 τοῦτο
895 2229 998 2308 γέγονεν

217 2343 277 2381 nor.
294 2325 327 2379 V.
350 2320 365 2375 3
379 2322 514 2377 Thuriam
529 2321 686 2396 Schweigh.
703 2321 834 2395 intelligit
849 2322 999 2376 Messenia-

216 2430 288 2467 cam.
300 2414 333 2468 V.
351 2410 445 2475 ctiori
457 2408 493 2473 νίς
505 2406 552 2474 τδς
565 2405 588 2464 δ’
601 2406 712 2474 δδιιικός.
721 2410 851 2466 Correxit
861 2409 996 2468 Adamus.

220 2523 232 2548 ν
249 2498 375 2553 Verbum
387 2494 539 2575 ἀπηνέχθην
554 2517 613 2553 non
627 2500 656 2553 iu
669 2517 731 2554 eam
740 2499 912 2555 sententiam
925 2499 999 2553 acci·

215 2587 280 2662 pio,
297 2605 383 2661 quam
401 2588 441 2642 ita
455 2588 591 2661 expressit
610 2586 801 2644 Villebrunius
820 2592 870 2657 :je
885 2586 946 2641 n’ai
964 2588 1000 2641 de

213 2679 328 2749 passion
339 2693 392 2749 que
408 2694 485 2749 pour
504 2677 644 2731 lernam
662 2677 699 2730 de
712 2675 824 2742 aloda
838 2674 887 2731 sed
905 2676 944 2731 ita
956 2685 999 2748 ut,
1050 2710 1059 2729 ι

216 2780 305 2835 quum
319 2763 399 2818 Sosia
414 2761 449 2818 de
462 2764 667 2838 propinatione
680 2764 816 2838 loquutus
833 2774 916 2834 esset,
929 2764 999 2818 alter

216 2850 347 2920 fateatur,
363 2869 393 2907 se
407 2851 445 2906 ad
458 2851 529 2907 illud
539 2851 660 2907 verbum
670 2851 740 2907 nihil
753 2851 831 2907 aliud
845 2852 898 2907 nisi
911 2862 999 2926 poto·

216 2939 258 2993 ria
270 2956 335 2995 vasa
350 2940 487 3013 cogitare.
504 2965 516 2988 ι
534 2940 694 3013 Schweigh.

581 3199 628 3254 CI.

510 3346 698 3415 STRATO.

255 3491 370 3560 Suidas,
384 3502 413 3547 et
427 3490 553 3548 Eudocia
575 3492 650 3551 viol.
671 3490 728 3549 385
743 3512 749 3547 :
768 3490 904 3570 Στράτων,
915 3513 999 3567 κωμι-

215 3577 260 3643 κὀς
284 3580 330 3648 τῆς
351 3576 433 3652 μέσης
454 3576 608 3658 κωμῳδίας·
631 3580 682 3635 τῶν
702 3577 842 3656 δραμάτων
867 3580 946 3638 αὐτοῦ
967 3573 997 3653 ἦν

214 3663 319 3732 Φοίνιξ.
330 3669 409 3723 Hanc
425 3667 549 3722 fabulam
562 3668 681 3725 lleiueli.
690 3669 811 3725 eandem
820 3680 903 3744 putat
911 3688 998 3744 quam

214 3752 368 3825 Φοινικίδην
390 3756 514 3830 appellat
527 3757 629 3812 Athen.
647 3774 676 3831 9,
691 3775 722 3831 p.
742 3755 816 3829 382,
835 3759 857 3813 C
874 3759 881 3832 l
897 3758 910 3813 ὁ
924 3755 997 3835 παρὰ

124 3879 127 3883 ·
216 3840 353 3921 Στράτωνι
363 3842 486 3921 μάγειρος
500 3843 527 3901 ἐν
533 3843 572 3920 τῷ
583 3842 746 3921 Φοινικίδῃ,)
755 3870 768 3897 ι
782 3845 833 3900 ubi
844 3843 995 3920 Koppiers.

214 3932 333 3989 Observ.
351 3952 381 4008 p.
399 3938 450 4001 al,
463 3941 492 3988 et
505 3932 654 3989 Villoison.
674 3933 787 4007 Proleg.
807 3934 845 3988 ad
862 3934 996 4008 Apollon.

214 4022 280 4079 Lex.
296 4040 326 4099 p.
344 4042 393 4092 aa,
420 4040 508 4097 quum
532 4024 638 4097 passim
654 4022 797 4079 Strattidis
812 4024 841 4078 in
861 4026 998 4080 Stratonis

213 4131 317 4169 nomen
337 4113 437 4168 abiisse
449 4113 590 4182 viderent,
605 4130 660 4187 pro
670 4110 771 4168 fictitio
784 4111 920 4169 habentes
934 4116 996 4170 Sui·

214 4199 257 4255 de
266 4202 439 4269 Stratonem,
451 4200 527 4276 apud
541 4201 643 4257 Athen.
662 4218 778 4274 quoque
788 4201 927 4257 Strattidis
941 4222 996 4258 no-

213 4305 279 4342 men
293 4287 491 4361 reponendum
503 4304 561 4343 esse
574 4298 747 4357 statuerunt,
760 4298 788 4345 et
801 4290 866 4348 Vill.
881 4292 995 4364 quidem

214 4376 270 4443 ita,
286 4386 316 4430 ut
339 4377 422 4431 etiam
445 4373 584 4453 Φοινικίδῃ
603 4379 633 4431 in
651 4373 823 4444 Φοινίσσαις,
846 4397 908 4451 quae
928 4391 996 4436 nota

213 4474 254 4518 est
267 4464 409 4520 Strattidis
422 4465 527 4531 fabula,
553 4465 720 4520 inutrmdum
743 4464 925 4525 existimaret.
940 4469 996 4523 Sed

213 4551 249 4608 de
259 4554 406 4622 Strattide,
420 4554 465 4607 vel
479 4554 536 4608 alio
550 4565 635 4628 poeta
650 4555 772 4626 antiquae
784 4555 941 4627 comoediae,
958 4576 993 4611 ne

215 4642 388 4716 cogitemus,
411 4641 495 4715 plura
514 4642 544 4695 in
558 4642 620 4717 ipso
645 4641 805 4715 fragmento
829 4643 879 4698 illo
900 4643 996 4697 insunt

212 4748 274 4801 quae
291 4730 483 4803 prohibeant:
500 4741 532 4785 nt
549 4731 625 4785 enim
654 4730 768 4785 Philetas
790 4750 996 4787 commemora-

211 4819 318 4872 tionem
347 4819 492 4885 omittam‚
521 4820 584 4890 quis
606 4836 665 4872 non
687 4821 808 4874 miretur
823 4820 852 4873 in
879 4821 994 4892 antiqua

211 4904 351 4959 comoedia
366 4907 452 4977 coqui
465 4924 616 4979 personam
631 4908 660 4960 in
674 4924 784 4962 scenam
794 4908 938 4982 produci?
951 4910 994 4964 his

211 4991 285 5046 adde
300 4991 474 5065 frequentem
484 4993 521 5065 (v.
537 5012 565 5061 a,
582 4992 627 5060 15,
640 4995 684 5063 16,
694 5001 727 5059 41
739 4994 747 5069 )
760 4996 789 5049 in
799 4999 924 5052 carmine
937 5008 992 5052 tam

210 5082 292 5137 brevi
305 5100 385 5136 usum
399 5078 563 5138 formabili
578 5070 613 5147 εἷς
623 5102 677 5160 pro
690 5081 784 5154 οὐδεὶς,
796 5085 873 5160 apud
887 5096 994 5141 veteres

211 5172 322 5228 Atticos
333 5172 418 5247 longe
427 5173 573 5227 rarissimae
584 5192 590 5226 ι
605 5192 633 5230 ν.
648 5176 765 5231 Person.
777 5175 856 5249 praef.
869 5175 994 5231 Hecubae

226 5288 385 5298 ——·
390 5289 445 5297 ιιι-ι·
450 5287 729 5299 ιο-..-ι--α-α-η-η,
739 5293 776 5300 ..ι-
783 5294 813 5300 ι..-

733 1466 847 1528 Nova
874 1468 1082 1529 COMOEDlAE
1106 1470 1316 1545 hELlQUlAE.

1050 1625 1080 1680 p.
1099 1606 1136 1663 36
1148 1614 1176 1662 et
1194 1606 1279 1663 Dind.
1290 1607 1326 1662 ad
1339 1608 1388 1664 Ατ.
1403 1607 1475 1661 Rau.
1492 1604 1546 1680 95.
1571 1607 1662 1661 Bene
1673 1606 1763 1682 igitur
1772 1606 1837 1664 habet

1049 1694 1187 1749 Stratonis
1212 1711 1327 1764 nomen,
1353 1711 1438 1767 quem
1461 1711 1517 1750 cur
1536 1710 1696 1769 negmua
1711 1695 1836 1752 cunta

1048 1781 1137 1849 scrisse,
1157 1784 1208 1838 etsi
1222 1801 1281 1838 uon
1296 1782 1397 1839 medie
1420 1783 1517 1839 classis
1528 1782 1712 1840 secumdum
1732 1784 1834 1856 Suidn,

1046 1870 1095 1925 sed
1107 1889 1198 1940 nove,
1210 1890 1298 1945 quum
1309 1871 1430 1927 Philetas
1440 1889 1526 1927 versu
1539 1868 1582 1937 43
1593 1885 1834 1943 commemorem

1046 1976 1106 2013 non
1118 1961 1207 2034 possit
1224 1958 1350 2016 diversus
1364 1959 1471 2015 censeri
1487 1976 1506 2015 a
1523 1959 1648 2018 celebri
1668 1965 1835 2038 ςτιιιννονιία

1046 2058 1074 2103 et
1086 2059 1173 2123 poeta
1184 2048 1259 2119 Coo,
1270 2049 1321 2125 qui
1329 2045 1457 2105 floruisse
1468 2047 1596 2106 videbar
1609 2049 1833 2127 olympiadem

1048 2135 1120 2209 (ante
1131 2137 1198 2195 Chr.
1211 2148 1270 2192 nat.
1287 2136 1432 2214 299-296)
1448 2161 1460 2187 ο
1476 2137 1504 2191 Ε
1517 2138 1565 2193 Μ.

1314 2288 1558 2348 ΦΟΙΝΙΚΙΔΗΣ.

1087 2447 1190 2501 Athen.
1209 2466 1237 2520 9,
1249 2466 1279 2521 p.
1293 2444 1360 2515 382,
1373 2446 1413 2502 C:
1428 2443 1516 2501 καίτοι
1530 2444 1581 2503 καί
1592 2448 1610 2502 ὁ
1623 2448 1741 2526 πρῶτος
1755 2449 1836 2507 tisim

1046 2530 1225 2609 Ὀλυμπίασιν
1233 2533 1322 2607 ἀγῶνα
1330 2530 1554 2606 ἀναδησαμένων,
1566 2529 1836 2611 ΚόροιίοςδἮλιῑις

1047 2618 1170 2698 μάγειρος
1187 2609 1229 2691 ἦν,
1243 2619 1289 2677 καί
1303 2620 1353 2698 οὐχ
1368 2617 1448 2685 οὕτως
1463 2617 1632 2697 ὠγκύλλετο
1654 2620 1706 2678 ἐπὶ
1720 2626 1755 2703 τῇ
1768 2622 1837 2701 τέγη,

1045 2732 1080 2772 ως
1094 2710 1107 2764 ὁ
1121 2706 1193 2786 παρδι
1210 2706 1346 2786 Στράτωνι
1365 2704 1489 2784 μάγειρος
1511 2707 1541 2763 ἕν
1559 2707 1741 2785 Φοινικίδῃ·
1755 2700 1837 2788 aspici

1045 2798 1154 2851 τοιαῦτα
1163 2791 1234 2869 λίγνι
1248 2797 1262 2851 δ
1274 2792 1487 2870 μεμισθωμένος,

1118 2942 1223 3035 Σφίγγ’
1245 2938 1354 3035 ἄρρεν’,
1370 2946 1404 3008 οὐ
1425 2942 1585 3035 μάγειρον,
1616 2943 1667 3023 εἰς
1684 2949 1745 3020 νην
1761 2945 1836 3012 οἰκίαι

1120 3043 1230 3140 εὶληφ’·
1248 3051 1352 3125 ἁπλῶς
1369 3046 1427 3142 γάρ
1442 3041 1511 3113 οὐδὲ
1527 3045 1576 3132 ἓν,
1600 3048 1655 3141 μὰ
1672 3052 1746 3129 τοὺς
1759 3053 1835 3134 θεοὺς,

1116 3157 1164 3219 όσ’
1180 3149 1216 3220 διν
1231 3156 1327 3248 λέγη,
1345 3154 1480 3245 συνίημι·
1497 3152 1594 3220 καινά
1611 3158 1749 3247 ῥήματα

1116 3264 1328 3354 πεπορισμένος
1344 3260 1500 3353 πάρεστιν·
1515 3265 1559 3338 ὡς
1576 3260 1715 3336 εἰσῆλθε
1730 3264 1799 3357 γὰρ,

1071 3365 1090 3430 5
1118 3367 1197 3443 εὐθύς
1215 3365 1246 3458 μ’
1264 3369 1435 3457 ἐπηρώτησε
1449 3362 1656 3457 προσόλέψσις
1680 3374 1777 3463 μέγα,

1121 3501 1136 3531 ιι
1153 3475 1263 3549 Πόσους
1288 3476 1437 3550 κέκληκας
1467 3476 1602 3563 μέροπας
1623 3476 1685 3542 ἐπὶ
1710 3468 1835 3556 letrae

1654 3584 1749 3674 λέγε.
1766 3610 1784 3643 ιι
1798 3620 1835 3631 -

1121 3712 1135 3743 ιι
1148 3680 1217 3776 Ἐγὼ
1226 3688 1361 3758 κίκληιια
1369 3687 1498 3778 μέροπας
1509 3683 1561 3751 ἐπὶ
1571 3678 1726 3772 διῖπνον;
1737 3693 1832 3778 χολᾷς.

1116 3772 1192 3865 Τοὺς
1203 3784 1236 3855 δὲ
1253 3792 1383 3881 μέροπας
1398 3792 1519 3867 τούτους
1536 3816 1577 3881 με
1592 3795 1784 3885 γιγνώσκειν
1795 3785 1835 3857 lo·

1763 3904 1830 3974 κεῖτς

1116 3993 1211 4077 οὐδεὶς
1225 4004 1389 4091 παρέσται·
1403 4009 1492 4066 τοῦτο
1506 3999 1580 4093 γὰρ,
1597 4007 1635 4075 νὴ
1661 4004 1722 4069 aba
1736 4005 1800 4084 Δία,

1050 4128 1089 4172 ιο
1116 4108 1179 4172 ἔστι
1193 4106 1392 4192 κατάλοιπον,
1412 4108 1541 4199 μέροπας
1563 4109 1620 4174 ἐπὶ
1634 4101 1771 4177 διῖντνον
1783 4135 1831 4176 κιν-

1659 4220 1746 4281 hair.
1762 4242 1829 4278 ν·-

1120 4343 1134 4374 ιι
1167 4309 1242 4381 Οὐδ’
1276 4315 1334 4409 ἀρα
1361 4320 1508 4405 παρέσται
1537 4308 1711 4410 δαιτυμὼν
1747 4316 1829 4396 οὐδεὶς

1629 4429 1736 4513 ὅλως,
1757 4456 1774 4491 ι)
1791 4469 1827 4478 -

1118 4555 1133 4588 ιι
1157 4529 1225 4595 Οὐκ
1236 4530 1338 4622 οἴομαί
1351 4557 1385 4622 γε
1402 4534 1575 4622 Δαιτόμων·
1598 4559 1616 4591 υ
1635 4531 1826 4627 ἐλογιζόμην,

1118 4662 1134 4694 ιι
1152 4629 1215 4710 ἥξει
1236 4639 1381 4721 Φιλῖνος,
1398 4637 1556 4729 Μοσχίων,
1571 4642 1766 4732 Νικήρατος,

1114 4746 1129 4805 ό
1144 4735 1226 4822 δεῖν’,
1244 4734 1385 4809 όδεῖνανι
1404 4740 1476 4808 κατ’
1491 4740 1572 4834 ὄνομ’
1588 4742 1823 4840 ἀνελογιζόμην·

1048 4839 1087 4910 15
1114 4850 1166 4911 οὐκ
1183 4844 1219 4918 ἦν
1234 4851 1264 4913 ἐν
1279 4853 1384 4925 αὐτοῖς
1401 4843 1468 4914 οὐδὲ
1486 4846 1527 4924 εἷς
1542 4874 1592 4939 μοι
1600 4855 1785 4944 Δαιτόμιον.

1117 4978 1132 5009 ιι
1153 4944 1266 5029 Οὐδεὶς
1287 4956 1456 5043 παρέσται,
1474 4951 1561 5043 φημί.
1583 4981 1601 5013 ν
1623 4994 1674 5004 -
1692 4985 1711 5018 ιι
1730 4957 1772 5024 Τι’
1784 4959 1829 5024 λε’·

1553 5083 1638 5148 γεις;
1653 5064 1728 5129 οὐδὲ
1741 5060 1827 5143 sifi·

1115 5155 1217 5253 σφόδρ’
1236 5162 1439 5253 ἡγανάκτησ’,
1457 5155 1772 5257 ὥσπερηδικημένος,

245 5344 303 5394 Sos.
321 5341 411 5411 Pagus
425 5339 530 5396 scilicet
541 5339 652 5411 quidam
667 5348 708 5395 est
718 5356 800 5412 prope
814 5342 954 5398 Thuriam.
1015 5357 1018 5398 t
1094 5349 1161 5401 tstos
1178 5348 1282 5415 μέροπας
1295 5363 1337 5401 me
1354 5364 1515 5419 cognoscere
1529 5353 1631 5419 putas?

246 5427 272 5481 b.
289 5425 332 5481 nd
342 5426 481 5482 Rhodiaca
491 5428 591 5499 pocula
602 5434 629 5481 et
641 5427 771 5483 molestos
782 5429 915 5499 ephebos,
1013 5409 1018 5482 i
1093 5448 1173 5487 nemo
1188 5432 1288 5498 aderit3
1304 5450 1404 5505 nempe
1421 5434 1483 5501 hoc,
1502 5450 1548 5504 per
1560 5438 1679 5505 lovem,

209 5522 224 5569 τι
244 5516 331 5581 Sosia,
344 5531 395 5587 ego
406 5523 480 5572 totus
491 5514 677 5587 abreptuslui.

475 5661 724 5717 PHOENlCtDES.

259 5782 406 5855 Sphingem
423 5784 593 5850 masculum,
611 5798 665 5838 non
680 5798 811 5854 coquum,
823 5784 849 5837 in
862 5781 975 5837 domum

262 5874 348 5943 recepi
365 5892 370 5924 z
386 5871 580 5944 prorsusenim
598 5870 677 5935 nihil,
698 5869 823 5938 perdens

260 5974 321 6028 (pua
334 5958 463 6029 loquitur,
483 5957 622 6029 intelligo:
640 5957 716 6011 novis
727 5956 864 6012 vocabulis

261 6046 378 6101 inventis
392 6045 487 6102 adest:
504 6046 621 6101 atenim
638 6046 757 6110 intravit,

206 6138 222 6184 5
259 6134 351 6187 statim
362 6134 480 6203 rogavit,
499 6134 604 6204 magnis
617 6148 661 6187 me
676 6131 762 6187 oculis
775 6132 927 6205 adspiciens
945 6153 950 6185 :

261 6245 272 6268 ι
294 6222 367 6291 Quot
377 6222 480 6290 μέροπας
490 6220 524 6276 ad
538 6237 643 6278 coeuam
655 6221 775 6276 vocasti?
785 6220 839 6276 dic.
852 6245 863 6268 ιι
878 6252 912 6261 -

263 6334 274 6355 ι
294 6314 350 6378 Ego
364 6309 468 6378 μέροπας
482 6307 516 6363 ad
529 6323 638 6364 coenam
651 6308 762 6363 vocavi?
775 6307 883 6363 deliras.

1044 5527 1076 5574 10
1097 5528 1228 5590 superest,
1245 5528 1275 5574 ut
1290 5522 1396 5590 μέροπας
1406 5521 1440 5576 ad
1456 5536 1562 5577 eoenam
1576 5527 1696 5577 vooem?
1718 5549 1731 5571 ι
1746 5555 1783 5568 -

1096 5634 1107 5652 «ι
1125 5608 1223 5662 Nullus
1238 5608 1320 5678 igitur
1334 5610 1447 5663 omniuo
1461 5609 1547 5664 aderit
1556 5610 1702 5679 δοιωμιίιν,

1094 5720 1105 5741 «ι
1123 5696 1267 5765 Δαιιύμωνι
1280 5711 1335 5751 non
1345 5697 1453 5768 opinor.
1469 5696 1720 5753 uEnumerabam:

1094 5809 1104 5831 ι
1124 5785 1214 5840 reniet
1226 5783 1365 5849 Philinus,
1383 5784 1539 5852 Moschion,
1551 5784 1711 5852 Niceratus,

1090 5872 1145 5940 hic,
1161 5873 1221 5938 ille3
1238 5874 1421 5929 »norninotim
1438 5889 1485 5929 eos
1499 5871 1683 5945 appellabam,

1040 5967 1070 6015 15
1090 5977 1179 6032 neque
1193 5961 1266 6016 ullus
1281 5962 1308 6016 iu
1324 5960 1356 6016 iis
1368 5960 1496 6018 fuitmihi
1512 5960 1649 6030 Δαιιὺμων.

1092 6074 1102 6092 ι
1119 6047 1217 6103 Nullus
1229 6047 1329 6112 aderit,
1343 6049 1456 6120 inquam
1474 6073 1485 6095 ν
1501 6077 1537 6090 -
1556 6071 1568 6096 ι
1589 6046 1663 6118 Quid
1684 6050 1748 6105 ais?
1767 6052 1830 6107 nul·

1722 6136 1827 6206 [Ιιννθι

1090 6221 1263 6278 vehementer
1275 6223 1443 6289 succensuit,
1460 6220 1673 6293 vetutinjuriam
1692 6238 1805 6296 passus,
