4084 8009
464 1502 531 1553 24
542 1503 575 1551 8

843 1642 1117 1702 XXVIII.
1167 1642 1644 1704 ΥΠΕΡΒΟΔΟΣ.

545 1795 568 1818 οι
605 1770 972 1843 Hyperbolus
1009 1782 1174 1827 natus
1202 1773 1308 1827 suit
1335 1785 1499 1846 patre
1531 1776 1807 1830 incertum
1833 1785 2023 1831 utrum

456 1859 678 1927 Attico,
703 1876 776 1912 an
796 1860 1100 1933 peregrino
1125 1860 1208 1933 (ν.
1231 1862 1304 1917 fr.
1330 1862 1426 1934 8),
1451 1862 1769 1937 Antiphane
1799 1862 1883 1936 (ν.
1910 1863 2031 1918 Λιι-

455 1946 690 2001 drotion
731 1947 883 2019 apud
934 1948 1109 2004 schol.
1158 1950 1396 2005 Luciani
1437 1951 1550 2005 vol.
1591 1968 1643 2018 1,
1690 1969 1747 2023 p.
1792 1948 1898 2015 154
1927 1949 2021 2007 ed.

456 2036 606 2107 Lips.
627 2033 672 2107 ),
699 2037 790 2090 vel
813 2033 1111 2091 Chremete
1129 2080 1143 2102 ,
1168 2037 1478 2091 secundum
1497 2037 1936 2111 Theopompum
1969 2038 2027 2091 in

454 2140 697 2176 excursu
741 2122 814 2177 de
854 2122 1210 2197 demagogis,
1255 2143 1446 2197 quem,
1488 2134 1624 2180 teste
1664 2124 1934 2179 Athenaeo
1967 2132 2026 2193 4,

453 2228 516 2282 p.
552 2209 687 2279 166,
719 2212 796 2279 D,
827 2210 1053 2265 decimo
1101 2214 1477 2268 Historiarum
1519 2213 1668 2267 libro
1710 2212 2029 2282 addiderat,

454 2298 606 2369 apud
652 2297 897 2352 eundem
938 2300 1114 2357 schol.
1154 2319 1217 2373 p.
1267 2299 1400 2367 155,
1427 2311 1482 2355 et
1510 2301 1692 2358 schol.
1739 2302 2025 2375 Aristoph.

454 2385 610 2440 Pacis
636 2385 782 2455 680,
807 2388 907 2441 ubi
936 2385 1211 2465 Χρέμητος
1249 2387 1552 2463 legendum
1580 2400 1661 2443 est
1687 2408 1795 2462 pro
1827 2386 2027 2466 Χρέμι-
2075 2434 2077 2439 .

452 2471 558 2535 Soc.
586 2473 840 2530 AElianus
866 2487 1052 2532 autem
1079 2479 1141 2533 V.
1186 2478 1255 2531 Η.
1293 2496 1386 2544 ι2,
1421 2475 1493 2543 43
1531 2497 1543 2529 ε
1578 2473 1911 2553 Ὑπερὸόλου
1935 2475 2024 2533 καὶ

453 2559 794 2637 Κλεοφῶντος
837 2560 1002 2626 οὐδεὶς
1045 2560 1108 2618 ἂν
1143 2561 1279 2619 εἴποι
1310 2560 1427 2628 τοὺς
1455 2560 1704 2639 πατέρας.
1749 2565 1872 2621 Hoc
1902 2576 2028 2620 utut

451 2659 561 2717 est,
584 2661 736 2705 certe
765 2650 1042 2707 obscurus
1069 2652 1244 2706 homo
1270 2651 1378 2706 fuit
1395 2664 1557 2725 pater
1591 2654 1860 2725 omnique
1887 2673 2028 2709 con-

452 2738 696 2792 tumeliae
730 2755 938 2811 genere
962 2740 1243 2813 oppletus,
1265 2750 1331 2793 ut
1353 2758 1523 2812 quem
1556 2740 1615 2793 in
1642 2740 1872 2812 publica
1895 2759 2026 2794 mo-

453 2838 583 2879 neta
610 2828 864 2881 serviisse
889 2830 1073 2883 tradat
1099 2828 1426 2883 Andocides
1462 2828 1618 2901 apud
1639 2830 1820 2884 schol.
1848 2833 2020 2904 Vesp.

458 2931 641 2982 ιοοι;
679 2932 865 2986 neque
907 2914 1291 2970 honestiorem
1323 2916 1487 2971 fuisse
1514 2918 1709 2970 matris
1734 2916 2023 2973 conditio·

447 3018 602 3069 nem,
634 3020 706 3055 ex
746 3001 1008 3057 Nubibus
1037 3001 1152 3057 550
1185 3022 1309 3075 sqq.
1345 3014 1403 3059 et
1438 3004 2026 3078 Thesmophoriazusis

450 3087 600 3160 (840
627 3093 814 3162 seqq.)
835 3089 1195 3166 intelligitur.
1222 3092 1346 3166 lpse
1371 3089 1734 3167 Hyperbolus
1757 3103 2026 3150 utrumne

446 3176 681 3232 Athenis
711 3188 876 3233 natus
909 3182 998 3247 sit,
1046 3200 1121 3235 an
1166 3182 1574 3254 immigraverit
1603 3200 1736 3236 cum
1770 3184 2024 3254 parenti·

446 3264 586 3331 buS,
619 3285 734 3320 non
771 3276 988 3321 constat
1027 3265 1117 3340 (v,
1148 3266 1222 3323 fr.
1257 3264 1345 3343 7).
1387 3266 1841 3322 Perithoidarum
1871 3265 2025 3345 δήμῳ

446 3353 757 3427 adscriptus
793 3356 975 3427 (plut.
1019 3355 1202 3414 Alcib.
1256 3350 1359 3425 i3,
1388 3357 1515 3415 Nic.
1574 3351 1695 3429 ιι),
1736 3357 1898 3412 initio
1933 3356 2023 3412 lu-

447 3444 630 3497 cernis
652 3443 994 3497 fabricandis
1019 3444 1195 3498 vitam
1232 3444 1599 3511 sustentavit,
1632 3442 2025 3499 fraudulenter

445 3532 611 3585 etiam
631 3530 873 3607 plumbo
888 3550 997 3605 pro
1019 3550 1128 3587 aere
1145 3551 1297 3587 usus.
1317 3532 1540 3605 (Schol.
1560 3530 1811 3587 Nubium
1833 3533 1979 3598 1064
2004 3554 2017 3588 :

445 3617 503 3675 οὖ
536 3615 636 3695 γὰρ
660 3618 846 3696 χαλκῷ
878 3617 1032 3694 μόνον
1062 3620 1255 3696 ἐχρῆτο
1278 3618 1404 3697 πρὸς
1435 3617 1530 3689 τὴν
1559 3621 1662 3675 τῶν
1692 3616 1895 3696 λύχνων
1920 3642 2019 3677 κα·

445 3704 731 3781 τασκευὴν,
782 3705 918 3763 ἀλλὰ
968 3704 1060 3764 καὶ
1101 3706 1348 3781 μόλιὸδον
1373 3706 1642 3781 ἐνετίθει.)
1675 3709 1810 3762 Mox
1833 3719 2022 3765 autem

447 3795 635 3852 forum
675 3797 1063 3870 frequentans,
1106 3796 1479 3852 defendendis
1498 3838 1514 3870 ,
1541 3797 1828 3870 magisque
1854 3817 2021 3853 accu-

444 3886 655 3955 sandis,
683 3886 903 3940 civibus
929 3902 1166 3958 operam
1191 3884 1350 3939 dedit
1371 3905 1386 3952 3
1411 3895 1468 3940 et
1493 3884 1567 3938 ad
1596 3885 1771 3957 ipsam
1800 3904 2023 3960 rempu-
2060 3908 2063 3914 ·

444 3972 656 4027 blicam
725 3972 1072 4029 tractandam
1152 3983 1375 4027 mature
1453 3973 1683 4027 accessit
1753 3971 2022 4046 (Luciani

445 4061 628 4119 schol.
658 4062 701 4117 l.
729 4060 769 4119 1.
803 4080 818 4114 τ
848 4061 1100 4136 Κρατῖνος
1119 4059 1175 4115 ἐν
1201 4054 1400 4135 Ὥραις
1417 4060 1485 4123 ὡς
1507 4056 1877 4136 προσελθόντος
1904 4059 2020 4117 νέου

443 4150 519 4223 τῷ
545 4146 747 4223 βήματι
775 4144 1038 4221 μέμνηται
1065 4144 1159 4203 καὶ
1182 4146 1306 4223 παρ’
1336 4143 1544 4215 ἠλικίαν
1563 4144 1605 4223 ),
1635 4147 1810 4219 idque
1833 4150 2019 4204 incre-

445 4236 608 4292 dibili
640 4235 889 4310 quadam
911 4235 1268 4309 impudentia
1285 4245 1343 4289 et
1371 4235 1524 4307 turpi
1547 4234 1805 4288 socordis
1823 4235 2018 4307 plebe·

448 4325 586 4380 culae
625 4324 955 4379 adulatione
987 4323 1070 4398 (ν.
1105 4323 1392 4380 Maximus
1428 4324 1561 4395 Tyr.
1590 4341 1688 4395 20,
1717 4340 1780 4396 p.
1813 4322 1918 4395 391
1947 4324 1964 4397 )
2001 4345 2014 4379 :
2060 4283 2064 4402 i

443 4432 629 4485 neque
651 4414 801 4467 enim
826 4413 1160 4484 eloquentiae
1185 4411 1468 4466 illecebris
1492 4411 1778 4464 hominem
1801 4411 2021 4468 animos
2060 4442 2064 4501 i
2107 4456 2123 4509 Ι
2181 4475 2211 4510 c
2258 4457 2345 4511 etc
2392 4455 2409 4530 )

446 4502 862 4559 Atheniensium
899 4502 1008 4559 sibi
1030 4502 1386 4570 conciliasse,
1414 4500 1503 4553 vel
1530 4500 1640 4555 hoc
1673 4499 2017 4557 documento
2060 4532 2064 4594 ὲ
2135 4500 2147 4513 ’
2217 4500 2230 4512 “
2356 4499 2366 4510 ’
2424 4499 2434 4509 ’

442 4602 546 4664 est,
593 4590 752 4663 quod
790 4591 962 4647 resert
1009 4591 1387 4663 Quintilianus
1414 4589 1576 4644 Instt.
1627 4598 1774 4646 orat.
1828 4607 1881 4657 1,
1921 4609 2015 4664 10,

451 4678 519 4732 18
542 4699 554 4732 :
581 4680 836 4732 Maricas
858 4676 1237 4754 (Eupolidis),
1260 4683 1356 4750 qui
1375 4689 1458 4730 ere
1478 4676 1845 4750 Hyperbolus,
1869 4677 2023 4731 nihil

441 4786 500 4820 se
527 4786 600 4820 ea:
634 4772 852 4820 musicis
877 4773 1016 4820 scire
1035 4774 1142 4820 nisi
1177 4770 1394 4821 litteras
1405 4768 1715 4839 profitetur.
1741 4766 1925 4821 Immo
1948 4784 2018 4821 ne

442 4856 608 4909 attice
645 4853 881 4925 quidem
921 4871 1050 4907 eum
1080 4855 1333 4908 locutum
1363 4871 1511 4920 esse,
1561 4871 1592 4907 e
1637 4853 1954 4924 fragmento
1988 4873 2009 4907 1

442 4941 607 5011 hujus
634 4942 834 4995 fabulae
871 4941 1186 5012 suspiceris.
1230 4942 1340 4996 Sed
1378 4940 1573 5012 quoad
1604 4940 1780 4995 Cleon
1819 4940 2016 5014 reipu-

442 5027 607 5088 blicae
635 5027 893 5100 praesuit,
930 5026 1298 5099 Hyperbolus
1336 5028 1559 5082 nonnisi
1594 5027 1867 5082 secundas
1889 5045 2017 5101 age·
2056 5048 2060 5138 Ι

444 5117 540 5169 bat
574 5116 629 5168 in
655 5116 919 5182 civitate3
955 5114 1054 5168 illo
1085 5124 1273 5169 autem
1296 5124 1544 5178 mortuo,
1576 5114 1919 5189 olympiadis
1940 5115 2016 5189 89

443 5223 593 5257 anno
624 5223 657 5258 2
688 5204 776 5258 vel
813 5203 843 5256 3
877 5204 1021 5278 (422
1059 5204 1148 5256 vel
1184 5210 1291 5269 421
1342 5213 1472 5258 ante
1509 5203 1641 5259 Chr.
1681 5213 1798 5256 nat.
1823 5203 1868 5276 )‚
1911 5222 2014 5276 po·

444 5293 613 5366 pulus
636 5310 704 5346 ex
729 5302 871 5345 nutu
890 5290 1011 5362 ejus
1028 5333 1045 5364 ,
1075 5287 1232 5343 velut
1276 5290 1423 5362 genii
1450 5289 1772 5360 cujusdam,
1802 5289 2014 5363 pende·

444 5381 561 5451 bat,
586 5390 858 5454 tantoque
887 5379 1327 5453 perditissimum
1351 5378 1634 5432 hominem
1661 5377 1858 5432 favore
1887 5395 2014 5431 am—

441 5471 639 5542 plexus
671 5478 776 5536 est,
815 5479 894 5535 ut,
927 5469 1185 5539 quamvis
1207 5467 1359 5522 dona
1403 5466 1805 5540 AEgyptiorum
1840 5466 2013 5520 Athe·

442 5558 728 5611 niensibus
746 5557 912 5610 missa
930 5555 1032 5608 sibi
1051 5556 1157 5608 soli
1171 5554 1525 5622 vindicasset,
1539 5565 1725 5608 tamen
1743 5555 2012 5608 exercitui
2053 5624 2054 5631 ἵ

445 5663 575 5697 cum
605 5643 957 5718 praeficerent
985 5654 1042 5698 et
1064 5642 1542 5698 hieromnemonis
1573 5660 1808 5697 munere
1837 5661 2010 5697 orna—
2052 5680 2056 5749 Ι

440 5742 569 5785 rent
614 5730 819 5803 (schol.
877 5733 1166 5805 Aristoph.
1215 5732 1358 5788 Ach.
1405 5730 1519 5796 846
1565 5742 1621 5785 et
1653 5730 1802 5784 Nub.
1841 5727 2007 5802 620).
2052 5797 2056 5805 Ι

440 5821 523 5872 Ita
563 5836 741 5889 quum
771 5838 873 5891 per
920 5821 1142 5891 aliquot
1191 5838 1368 5872 annos
1411 5820 1661 5891 primum
1713 5816 1906 5872 locum
1952 5819 2012 5870 in
2052 5825 2056 5913 Ι

438 5904 740 5979 republica
780 5907 1042 5961 tenuisset
1086 5918 1144 5962 et
1183 5926 1255 5961 ne
1296 5906 1734 5961 mordacissimis
1780 5905 2011 5981 quidem
2052 5970 2056 5985 .

439 5995 804 6049 comicorum
848 5992 1056 6048 salibus
1097 5994 1184 6066 (v,
1221 5997 1368 6051 Plut.
1415 5996 1603 6051 Alcib.
1666 5996 1754 6052 13.
1806 5996 2010 6053 Cicero
2047 6029 2056 6057 .

984 6180 1486 6235 HYPERBOLUS.

1046 6273 1050 6278 .
1203 6272 1250 6321 ¹·

446 6352 544 6408 Ille
575 6368 695 6408 vero
717 6368 826 6407 non
854 6354 1183 6411 atticissabat
1206 6396 1219 6422 ,
1249 6371 1284 6409 ο
1317 6369 1454 6410 carae
1476 6356 1660 6411 Parcae
1679 6396 1693 6422 ‚

1452 1495 1862 1556 COMOEDIAE
1907 1496 2240 1558 vss'rssms
2284 1499 2687 1574 RELIQUIAE.

2121 1633 2279 1689 Brut.
2314 1633 2388 1688 62
2424 1654 2437 1688 :
2470 1636 2773 1708 Hyper-boli
2800 1637 3203 1709 improbitatem
3236 1651 3456 1694 veteres
3477 1645 3699 1696 Attico-

2119 1740 2240 1775 rum
2267 1725 2563 1777 comoede‘oe
2597 1726 2955 1799 notaverunt)
3000 1726 3074 1781 ad
3105 1727 3385 1783 saniorem
3415 1730 3698 1785 rationem

2119 1822 2507 1879 revocaretur,
2535 1813 2825 1886 inopinate
2859 1812 2929 1867 de
2956 1832 3176 1869 summo
3196 1854 3214 1882 ,
3244 1816 3318 1870 ad
3342 1815 3506 1889 quod
3531 1818 3698 1872 malis

2119 1899 2337 1954 artibus
2373 1900 2725 1967 ascenderat,
2767 1901 3002 1957 honoris
3049 1904 3435 1977 potentiaeque
3469 1904 3695 1980 fastigio

2120 1985 2452 2042 deturbatus
2473 1985 2678 2062 jacuit.
2701 1989 2892 2046 Nicias
2911 1990 3089 2060 enim,
3110 1991 3202 2046 vel
3229 1991 3434 2046 Phaeax
3457 1988 3568 2069 (de
3581 1994 3694 2049 hoc

2119 2074 2536 2149 Theophrastus
2568 2076 2723 2151 apud
2755 2078 2904 2135 Plut.
2946 2079 3077 2136 Nic.
3115 2097 3207 2152 11,
3245 2090 3305 2134 et
3341 2080 3530 2137 schol.
3572 2084 3690 2137 Lu-

2119 2160 2270 2216 ciani
2297 2164 2337 2219 l.
2377 2165 2468 2233 l.)‚
2500 2183 2676 2237 quum
2714 2166 3102 2241 principatum
3138 2168 3360 2241 eripere
3397 2168 3694 2225 studerent

2119 2248 2436 2321 Alcibiadi,
2482 2250 2848 2325 Hyperbolus
2893 2252 3231 2308 alterutrum
3265 2272 3467 2309 eorum
3509 2266 3689 2310 ostra·

2119 2338 2299 2393 cismo
2328 2339 2611 2411 expellere
2650 2357 2720 2395 ex
2764 2342 2953 2413 patria
2983 2352 3215 2396 conatus
3246 2351 3357 2409 est,
3402 2360 3524 2415 quo
3553 2342 3690 2398 faci-

2119 2423 2227 2479 lius
2257 2426 2323 2494 is,
2356 2427 2457 2500 qui
2499 2426 2880 2495 remansisset,
2907 2444 3009 2481 sua
3031 2425 3209 2501 ipsius
3237 2446 3415 2501 opera
3437 2447 3691 2483 summo-

2117 2525 2343 2568 veretur
2375 2533 2389 2567 ε
2437 2525 2494 2568 at
2528 2524 2729 2569 contra
2762 2515 3021 2569 omnium
3044 2517 3528 2589 exspectationem
3570 2516 3689 2591 ipse

2118 2600 2483 2675 Hyperbolus
2502 2643 2519 2670 ,
2547 2602 2910 2659 machinante
2930 2603 3189 2677 inprimis
3224 2604 3552 2677 Alcibiade,
3583 2625 3686 2661 eo-

2119 2688 2250 2745 dem
2279 2692 2616 2747 testularum
2642 2689 2865 2760 judicio
2885 2691 3183 2747 damnatus
3199 2702 3300 2762 est,
3319 2693 3688 2767 olympiadis,

2119 2788 2182 2831 ut
2230 2778 2479 2846 videtur,
2520 2797 2591 2851 9¹
2627 2796 2781 2833 anno
2826 2798 2847 2833 ι
2885 2776 3044 2856 (ante
3085 2780 3218 2838 Chr.
3249 2791 3364 2836 nat.
3396 2779 3546 2856 415)
3578 2799 3593 2838 :
3625 2802 3679 2841 ν.

2118 2862 2272 2921 Plut.
2305 2867 2486 2922 Alcib.
2538 2866 2627 2936 13,
2650 2868 2777 2925 Nic.
2820 2885 2914 2937 ιι,
2948 2867 3180 2925 Aristid.
3221 2888 3279 2939 7.
3318 2870 3684 2946 Theopomp.

2115 2955 2334 3009 scholio
2373 2954 2446 3009 ad
2487 2958 2650 3028 Vesp.
2683 2973 2824 3010 ιοοι
2851 2996 2868 3023 ,
2906 2956 3004 3010 ubi
3046 2954 3256 3030 legitur
3297 2951 3687 3035 ἕξωστρὰισαν

2114 3040 2204 3100 τὸν
2232 3041 2552 3120 Ὑπέρὸολον
2597 3042 2649 3110 ἓξ
2675 3043 2766 3112 ἔτη
2805 3065 2915 3119 pro
2943 3042 3107 3115 δέκα;
3135 3046 3235 3101 sed
3271 3045 3582 3120 legendum
3608 3060 3688 3104 est

2115 3132 2269 3189 πέντε
2285 3147 2515 3191 auctore
2540 3133 2883 3190 Philochoro
2907 3136 2968 3189 in
2993 3134 3313 3209 fragmento
3335 3136 3532 3191 Lexici
3559 3138 3685 3193 rhe-

2117 3233 2222 3277 tor.
2253 3222 2409 3296 apud
2437 3223 2622 3279 Dobr.
2655 3224 2714 3276 in
2742 3223 2899 3279 calce
2926 3223 3113 3278 Photii
3136 3241 3196 3299 p.
3225 3220 3373 3293 675,
3400 3225 3502 3297 qui
3530 3223 3688 3280 locus

2112 3311 2190 3365 sic
2231 3309 2403 3366 habet
2433 3331 2447 3364 t
2478 3313 2654 3367 τοῦτον
2706 3309 2859 3384 (scil,
2908 3307 2995 3365 τὸν
3038 3305 3534 3387 ἐξοστρακισθέντα)
3560 3309 3684 3383 ἔδει,

2112 3394 2179 3451 τὰ
2214 3394 2389 3453 δίκαια
2418 3396 2573 3454 δόντα
2610 3395 2700 3453 καὶ
2736 3394 2967 3454 λαθόντα
3000 3394 3129 3475 ὑπὲρ
3158 3396 3263 3453 τῶν
3298 3397 3447 3455 ἰδίων
3489 3400 3686 3458 συναλ-

2112 3484 2420 3559 λαγμάτων,
2458 3484 2513 3541 ἐν
2548 3482 2675 3542 δέκα
2704 3483 2927 3563 ἡμέραις
2960 3487 3286 3561 μεταστῆναι
3329 3489 3427 3555 τῆς
3473 3486 3676 3554 πόλεως

2114 3570 2203 3642 ἔτη
2233 3570 2379 3629 δέκα·
2406 3569 2619 3651 ὕστερον
2648 3570 2704 3630 δὲ
2745 3571 2981 3648 ἐγένοντο
3005 3570 3183 3633 πέντε.
3229 3574 3514 3649 Adeoque
3550 3595 3683 3633 mox

2112 3659 2231 3732 ejus
2259 3660 2389 3716 facti
2417 3663 2684 3737 poenituit
2712 3662 3102 3730 Athenienses,
3129 3663 3227 3735 qui
3261 3682 3385 3718 non
3411 3660 3502 3719 διὰ
3528 3663 3681 3721 δυνα-

2112 3769 2248 3822 μεως
2259 3748 2348 3805 καὶ
2364 3747 2657 3824 ἇξιιὶιματος
2666 3747 2848 3826 φόὸον,
2861 3747 2999 3805 ἀλλὰ
3012 3747 3099 3805 διὰ
3112 3748 3367 3826 πονηρίαν
3386 3749 3481 3807 καὶ
3492 3751 3680 3830 αἰσχύ·

2110 3859 2200 3906 νην
2224 3839 2316 3906 τῆς
2338 3836 2537 3903 πόλεως
2563 3839 2777 3914 (Thuc.
2798 3839 2858 3911 8,
2883 3834 3013 3912 73),
3040 3839 3368 3911 improbum
3389 3840 3681 3898 hominem

2065 3954 2068 3977 l
2109 3926 2497 3982 honestissimo
2511 3946 2694 4001 poenae
2711 3945 2918 4001 genere
2930 3926 3267 3998 affecissent,
3289 3938 3355 3982 ut
3371 3946 3499 3983 eam
3516 3928 3678 3984 abro-

2110 4026 2303 4086 garent
2334 4014 2518 4089 (Plut.
2546 4017 2670 4072 Nic.
2708 4034 2770 4070 11
2796 4014 2839 4088 ).
2882 4011 3120 4071 Secessit
3154 4015 3342 4070 a'utem
3373 4014 3675 4090 Hyperbo-

2109 4104 2193 4157 lus
2216 4104 2385 4158 exilio
2410 4105 2679 4159 multatus
2694 4104 2756 4160 in
2773 4104 3003 4159 Samum
3041 4103 3307 4171 insulam,
3334 4102 3438 4158 ubi
3461 4105 3673 4179 olymp.

2108 4210 2213 4264 92,
2249 4211 2270 4245 ι
2305 4188 2323 4268 (
2347 4204 2476 4246 ante
2503 4193 2635 4249 Chr.
2667 4202 2786 4247 nat.
2826 4197 2936 4257 [ιιι
2963 4190 2980 4265 )
3005 4190 3078 4247 ab
3121 4190 3460 4248 adversariis
3492 4212 3678 4266 popu-

2107 4280 2240 4333 laris
2280 4281 2502 4354 imperii
2543 4267 2798 4350 necatus,
2841 4297 3166 4354 corpusque
3206 4278 3328 4350 ejus
3369 4291 3677 4336 contume-

2110 4368 2245 4423 liose
2276 4378 2578 4423 tractatum
2620 4378 2676 4423 et
2717 4368 2778 4421 in
2806 4385 2960 4423 mare
2996 4365 3278 4439 abjectum
3325 4365 3433 4423 fuit
3463 4365 3481 4444 (
3506 4369 3673 4422 Thuc.

2187 4546 2312 4598 Jam
2355 4546 2471 4618 ipsa
2512 4543 2630 4599 haec
2658 4543 2908 4600 Platonis
2946 4542 3229 4597 eomoedia
3275 4560 3393 4615 quo
3425 4552 3676 4616 tempore

2107 4642 2232 4687 acta
2259 4634 2351 4702 sit,
2401 4633 2502 4687 etsi
2548 4650 2719 4687 nemo
2769 4631 2974 4686 diserte
3025 4630 3299 4700 tradidit,
3339 4641 3532 4686 tamen
3564 4649 3674 4685 non

2058 4762 2060 4773 <
2110 4720 2353 4775 multum
2377 4737 2411 4774 a
2432 4738 2569 4774 vero
2592 4720 2962 4786 aberraveris,
2974 4718 3020 4771 si
3048 4718 3266 4791 olymp.
3301 4736 3400 4791 91,
3418 4736 3454 4773 2
3474 4718 3674 4774 factum

2107 4811 2387 4864 existimes
2439 4818 2574 4881 post
2622 4807 3045 4861 damnationem
3085 4806 3336 4861 bominis
3379 4824 3395 4860 t
3429 4824 3489 4860 v.
3531 4807 3671 4866 Plut.

2108 4900 2231 4955 Nic.
2266 4917 2287 4952 ι
2308 4918 2357 4965 ι,
2384 4908 2443 4951 ct
2476 4897 2665 4952 Alcib.
2697 4895 2791 4968 13,
2814 4895 3021 4969 fragm.
3058 4893 3261 4949 fabula
3288 4912 3344 4963 1,
3385 4894 3546 4969 quod
3574 4896 3682 4948 nisi·

2107 4986 2334 5041 absente
2357 4985 2691 5059 Hyperbolo
2719 4984 2894 5040 scribi
2929 5001 3044 5038 non
3065 4984 3272 5056 potuit,
3300 4994 3415 5040 etc.
3446 5007 3474 5034 ι
3507 4985 3560 5039 Ε
3588 4984 3669 5040 Μ.

2866 5114 2889 5150 ι
2907 5138 2919 5149 .

2191 5211 2553 5267 Herodianus
2583 5207 2717 5286 Περὶ
2744 5229 2860 5282 μον.
2904 5204 3091 5272 λέξεως
3122 5225 3181 5280 p.
3213 5224 3311 5275 20,
3344 5225 3368 5261 ι
3405 5223 3421 5263 :
3449 5200 3673 5265 Πλάτων

2108 5299 2285 5374 μέντοι
2310 5301 2338 5355 ὁ
2362 5296 2591 5372 κωμικὸς
2619 5299 2672 5354 ἐν
2703 5293 3017 5372 Ὕπερῧόλῳ
3050 5290 3281 5359 διέπαιξε
3304 5292 3402 5361 τὴν
3431 5292 3557 5351 ἄνευ
3583 5296 3670 5350 τοῦ

2105 5412 2138 5462 γ
2160 5391 2348 5466 χρῆσιν
2375 5388 2591 5462 (quum
2611 5386 2879 5442 dicebant
2901 5381 3036 5448 ὀλίος
3061 5399 3174 5457 pro
3197 5379 3428 5461 ὀλίγος),
3459 5384 3530 5448 ὡς
3552 5380 3673 5460 βάρ-

2108 5473 2287 5553 ὅαρον,
2314 5472 2481 5551 λέγων
2509 5471 2687 5537 οὕτως·

2205 5604 2258 5675 ὸ
2288 5602 2348 5672 δ’
2385 5612 2453 5673 οὐ
2487 5605 2600 5700 γὰρ
2631 5599 2969 5687 ἡττίκιζεν,
2993 5600 3041 5667 ὦ
3072 5609 3293 5694 Μοῖραι
3322 5602 3529 5692 φίλαι,

2202 5723 2368 5803 ἀλλ’,
2410 5720 2597 5786 ὁπότε
2627 5718 2734 5809 μὲν
2764 5716 2929 5810 χρείη
2955 5712 2995 5783 δ
3013 5742 3085 5808 ιῃ
3103 5720 3202 5781 τώ
3220 5741 3361 5806 μην
3396 5717 3620 5808 λέγειν,

2200 5838 2408 5926 ἔφασκ’
2454 5827 2535 5899 ἐδ
2554 5860 2661 5899 ιαι
2682 5835 2777 5898 τώ
2796 5859 2890 5923 μη
2908 5854 2963 5896 ν·
3005 5830 3192 5897 ὁπότε
3225 5824 3287 5895 δ’
3330 5828 3521 5896 εἰπεῖν
3550 5822 3672 5896 δέοι

2199 5950 2485 6043 ὀλίγον,
2512 5947 2586 6034 (ὁ
2614 5940 2674 6013 δ’
2706 5942 2731 6038 )
2764 5945 2994 6013 ὀλίον
3031 5945 3256 6037 ἔλεγεν.

2106 6176 2225 6243 sed,
2246 6177 2292 6231 si
2312 6178 2339 6227 δ
2360 6196 2417 6247 tf,
2431 6195 2457 6229 τ
2471 6177 2515 6228 ώ
2533 6194 2608 6244 μη
2621 6191 2648 6225 ν
2667 6171 2887 6245 quidem
2912 6168 3208 6225 dicendum
3237 6175 3377 6235 erat,

2112 6262 2495 6334 pronuntiabat
2514 6260 2534 6314 ἐ
2554 6263 2605 6312 δι
2621 6279 2679 6311 αι
2694 6279 2721 6312 τ
2735 6261 2779 6312 ώ
2794 6278 2868 6329 μη
2883 6280 2907 6310 ν
2927 6276 2943 6324 3
2976 6258 3062 6312 siu
3082 6264 3264 6313 autem
3289 6252 3392 6312 fari

2110 6351 2373 6421 ὀλίγον,
2405 6346 2756 6416 (ἰΙΙθ)ὀλίον
2780 6344 3011 6401 dicebat.
