4084 8009
218 1536 275 1588 ⁴82

730 1523 866 1582 neore
887 1520 1093 1583 contente
1113 1523 1321 1597 nortuum.

216 1667 320 1713 nostre
337 1656 384 1714 ed.
406 1656 505 1731 Bon.)
531 1676 539 1710 ·.
558 1654 608 1711 sed
628 1656 790 1711 Atticorum
809 1673 928 1730 quoque
953 1656 1000 1710 ci·
1022 1666 1028 1713 t
1048 1655 1093 1710 τοῦ
1113 1653 1238 1731 ἀκράτου.
1256 1656 1372 1710 Plautus
1388 1655 1450 1712 Cas.
1470 1655 1499 1724 3,
1516 1655 1544 1723 5,
1564 1657 1598 1711 16
1617 1659 1677 1714 :Se
1696 1663 1842 1731 percussit

217 1749 311 1815 vium,
325 1759 357 1802 ut
368 1747 493 1803 ostendit
502 1744 601 1816 titulus
612 1745 700 1819 Corp.
715 1746 862 1819 Inscriptt.
875 1743 1001 1801 Boeckbii
1022 1726 1028 1815 Ι
1048 1742 1115 1803 llere
1126 1744 1232 1812 libem
1250 1742 1369 1801 Ovidius
1381 1743 1500 1799 Remed.
1513 1761 1560 1799 arn
1576 1743 1647 1811 145:
1661 1750 1749 1802 ιιιυίιο
1766 1762 1842 1803 nm·

220 1853 247 1909 1,
263 1854 292 1909 p.
312 1852 381 1908 292,
398 1834 451 1909 533
471 1843 500 1889 et
514 1835 544 1887 in
559 1850 634 1888 nova
651 1832 793 1888 comoedia
810 1833 895 1889 Sieon
907 1830 1002 1905 partes
1017 1831 1031 1852 ⁰
1044 1850 1118 1905 pora
1132 1850 1231 1905 quassa
1245 1851 1330 1891 meio.
1349 1857 1362 1883 ι
1380 1832 1405 1886 E
1418 1834 1461 1891 M.

217 1924 378 1978 sustinuisse
403 1922 517 1980 videtur
538 1922 661 1977 hominis
691 1922 848 1978 liberaliter
875 1920 1000 1997 prodigi.

216 2011 384 2068 Themistius
395 2013 474 2070 Orat.
490 2010 539 2085 it,
558 2029 590 2086 p.
609 2009 666 2076 462
680 2010 727 2070 ed.
740 2011 827 2069 Dind.
845 2008 893 2067 :rb
914 2006 940 2067 θί
955 2005 1001 2066 καί

215 2104 269 2165 τοῖς
283 2096 435 2177 χρήσασθαι
452 2097 566 2168 δεηθεῖσι
583 2098 672 2155 δοῦναι
693 2095 804 2177 δωρεὰν,
820 2094 865 2155 καί
884 2093 1002 2162 πλείονάς

215 2207 246 2263 γι
270 2185 374 2258 [δοῦναι
390 2182 507 2265 θιοριθν]
527 2180 613 2264 ἣθσῳ
633 2186 748 2265 χρῆσθαι
767 2182 866 2264 ᾔτησι,
943 2182 1001 2242 τίνα

215 2274 384 2346 Ἀλκιθιιίδην
407 2276 455 2353 οὔχ
477 2271 643 2352 θπιρύαίνιι,
659 2272 717 2331 τίνα
744 2273 851 2334 Σίκωνα
870 2274 917 2333 οὒκ
936 2273 1001 2330 dno·

215 2364 300 2445 ραίνει
315 2361 479 2442 Σμικρίνην,
494 2359 601 2420 Σίκωνα
624 2362 731 2433 codex,
744 2381 796 2419 nee
815 2373 894 2419 recte
911 2361 1002 2435 Maius

215 2466 245 2510 et
252 2452 339 2512 Dind.
351 2449 463 2527 Κίμωνα
475 2470 482 2507 ι
496 2452 583 2508 Sicon
592 2450 737 2508 Smiorinae
746 2491 754 2519 ‚
764 2451 874 2506 homini
887 2449 1002 2507 sordide

215 2560 319 2612 avaro,
334 2541 493 2617 opponitur
504 2557 513 2599 a
524 2559 553 2595 ν.
566 2557 633 2598 ann.
645 2539 682 2596 ad
691 2539 916 2614 Menandrump.
929 2545 978 2614 ¹⁸9·
988 2562 1001 2589 s

215 2634 241 2687 Ε
251 2633 295 2689 M.
315 2633 348 2688 V.
368 2637 385 2697 ί,
405 2628 538 2689 Μενδαῖον
553 2615 663 2707 (οἶνον).
681 2628 785 2685 Vinum
803 2627 928 2703 ignobile
941 2628 1001 2682 Ma·

215 2710 386 2778 redonicun'a
404 2719 450 2794 (ν.
471 2719 562 2778 Thuc.
586 2723 620 2788 t,
644 2716 711 2789 123,
724 2715 817 2796 ete),
837 2716 888 2772 rili
904 2714 1001 2791 pretio

216 2820 380 2884 coemptum
392 2821 421 2866 et
433 2806 622 2867 immoderate
632 2806 765 2876 baustum
778 2826 794 2863 e
809 2807 934 2865 servulo.
947 2809 1000 2863 Le·

214 2898 335 2971 gebatur
356 2894 458 2954 πίπιοκ’
478 2892 530 2974 ἐγὼ
550 2892 589 2969 μθ
608 2893 660 2954 Δία
679 2894 776 2969 Μινδ,
798 2915 860 2970 quae
877 2896 1002 2952 correxit

216 2988 360 3043 Hanovius
374 2986 474 3045 Exere.
493 2987 570 3045 eritt.
585 3003 616 3060 p.
628 2982 676 3055 45.

594 3097 623 3152 6,

253 3210 298 3267 lb.
313 3231 343 3286 p,
360 3212 414 3286 28,
427 3213 450 3269 F
464 3230 471 3265 :
490 3206 623 3285 μέμνηται
637 3205 664 3266 dl
682 3198 755 3273 obeo<
778 3205 939 3287 (Eubulus)
955 3208 1001 3266 καί

215 3295 408 3357 Ψιθίοοοίνου·

264 3407 354 3478 Οἶνον
369 3409 426 3504 γάρ
445 3434 481 3501 με
494 3408 597 3475 Ψίθιον
613 3408 721 3501 γεύσας

262 3512 336 3591 ἡδὺν
352 3513 494 3609 άκρατον,
510 3508 649 3604 διψῶντα
662 3510 764 3582 λαθὼν

263 3623 325 3705 ὄξει
340 3624 425 3689 παίει
441 3623 513 3713 πρὸς
528 3622 569 3688 τὰ
585 3623 692 3695 στήθη.

213 3751 249 3807 V.
268 3768 280 3805 t
295 3746 380 3823 ψιθίου
393 3748 480 3818 BCD,
493 3744 586 3825 ψνθίου
600 3750 659 3807 VL.
672 3747 748 3804 Illud
756 3767 863 3806 nomen
871 3749 1000 3825 plerique

213 3837 320 3894 babent
335 3836 418 3892 Plinii
434 3836 532 3910 codd,
552 3837 620 3893 item
637 3838 742 3894 Statius
759 3838 828 3895 silv.
848 3844 877 3907 t,
896 3857 928 3912 9,
946 3837 998 3908 38;

213 3926 263 3982 sed
273 3927 391 3981 alterum
403 3942 520 3998 quoque
531 3924 656 3980 ostendit
669 3926 792 3995 Plinius,
804 3927 879 3982 sicut
896 3928 999 3983 Nican-

215 4015 268 4070 der
279 4013 412 4087 Alexiph.
435 4013 487 4069 181
498 4052 507 4082 ‚
530 4014 653 4087 Hesych.
677 4032 704 4068 ν.
720 4012 824 4083 Ψιθία,
844 4014 1000 4074 Columella

213 4104 251 4158 tt.
266 4103 303 4159 li.
321 4100 353 4171 3,
375 4118 404 4169 ο,
428 4106 476 4167 at.
495 4101 602 4156 Plinius
620 4104 658 4159 Η.
674 4102 710 4157 N.
727 4108 777 4173 14,
793 4121 812 4178 9
831 4121 837 4157 :
861 4103 999 4159 Psithium

214 4188 392 4268 (Psytirium)
408 4200 438 4244 et
449 4190 690 4264 Melampsitlrium
703 4196 782 4265 passi
796 4210 901 4266 genera
918 4205 997 4261 sunt,

212 4298 291 4334 suum
316 4295 463 4353 saporem,
490 4296 547 4333 non
573 4283 651 4344 uini,
681 4275 843 4348 referentia.
867 4280 1013 4354 Virgilius.

213 4369 318 4442 Georg.
336 4384 366 4435 a,
382 4365 420 4441 93
446 4385 452 4420 ι
471 4384 557 4439 passo
573 4364 698 4439 Psithia„
710 4366 804 4441 (vitis)
825 4369 928 4437 titillor,
948 4369 999 4422 ubi

213 4474 241 4512 v.
252 4456 377 4529 interpp.
397 4478 410 4503 ι
426 4456 488 4509 Ηοο
498 4454 545 4509 ille
557 4454 626 4509 dicit
640 4474 645 4508 :
660 4456 754 4526 Quum
764 4456 998 4529 anteaPsytbium

213 4543 368 4615 (Psithium
379 4544 485 4601 malim.
496 4538 593 4618 Both.)
605 4543 699 4598 vinum
709 4544 779 4599 mihi
792 4544 998 4618 degustandum

212 4631 350 4701 dedisset,
373 4649 466 4699 nunc,
490 4631 630 4685 sitientem
643 4629 757 4701 videns,
777 4643 887 4686 acetum
905 4632 947 4704 (b.
970 4652 996 4690 e.

212 4720 267 4773 vile
290 4718 402 4791 vinum)
418 4716 553 4774 infundit.
589 4713 678 4775 Γιύειν
698 4738 763 4775 cum
786 4721 945 4775 accusativo
971 4732 999 4776 et

212 4820 340 4877 personae
358 4815 387 4859 et
407 4806 449 4859 rei
467 4803 617 4875 conjunxit
635 4806 719 4861 etiam
736 4806 938 4880 Theopompus
949 4809 998 4862 ln-

212 4902 283 4947 cert.
304 4892 350 4961 13,
364 4893 446 4947 simul
458 4910 529 4947 voce
542 4888 597 4957 ύξος
609 4894 649 4948 ita
664 4905 797 4968 usurpata
818 4914 824 4950 :

290 5036 331 5046 —
342 5000 411 5068 Τοθς
420 5000 555 5073 Ἕλληνας
563 5001 669 5073 ἥδιστον
679 5004 758 5062 ποιὸν

251 5088 396 5167 ἐλευθερίας
408 5088 547 5166 γεύσαντες
562 5088 617 5157 ὄξος
630 5089 746 5170 ἐνέχεαν.

212 5203 244 5256 V.
259 5199 274 5254 3
286 5196 337 5267 ὄξει
351 5198 437 5270 παίιι,
452 5213 485 5259 ut
497 5202 651 5262 Κατοκολλ.
669 5222 695 5273 ι,
706 5202 812 5282 ἀκράτῳ
825 5208 935 5281 κροῦε·
946 5208 993 5261 'ti-

211 5290 316 5344 mocles
336 5290 430 5345 Conis.
450 5309 462 5346 1
483 5309 490 5349 ε
510 5287 651 5356 πατάξω
665 5312 695 5347 σε
711 5289 835 5366 μεγάλοις
851 5291 994 5369 ποτηρίοις·

211 5376 329 5449 Amphis
343 5372 455 5453 Ἐρίθων
471 5377 505 5434 ir.
521 5397 537 5433 a
554 5398 560 5433 :

250 5490 264 5544 θ
278 5488 339 5555 παῖς
350 5486 490 5547 esteten
503 5490 556 5556 τοῖς
569 5489 702 5568 ποτηρίοις
716 5491 831 5556 πυκνοῖς.

212 5601 312 5655 Athen.
321 5620 352 5677 p.
365 5600 430 5673 168,
439 5602 475 5675 B,
486 5598 576 5659 θιασι
586 5601 713 5675 ιόμενοι
725 5599 782 5667 τοὺς
791 5601 935 5682 κροτάφους
947 5600 996 5659 ὑπὸ

587 5772 614 5822 6.

210 5849 311 5904 Vinum
335 5850 408 5905 enim
429 5852 566 5909 Psitbium
590 5868 677 5925 quum
701 5850 901 5925 degustandum
927 5852 995 5908 mibi

855 5938 992 6007 [dederit,

211 6036 314 6077 merum
326 6020 419 6087 dulce,
436 6024 505 6094 (jem
514 6030 523 6091 )
533 6026 667 6081 sitientem
679 6025 817 6080 inveniens

210 6119 286 6164 aceto
302 6111 416 6181 perculit
428 6122 531 6183 pertus.

210 6248 359 6305 —Cnidiae
374 6259 467 6316 teste,
584 6190 610 6236 ⁷⁸

209 6334 442 6407 septemium,
457 6344 484 6392 et
499 6339 632 6408 Megarica
648 6338 766 6394 vaseula.

1087 2047 1131 2107 lb.
1147 2048 1242 2108 [ΜΕ.
1258 2043 1287 2104 θί
1301 2066 1365 2127 φησι
1427 1970 1455 2021 7.

1144 2204 1194 2216 ·-
1208 2158 1324 2232 Κνίδια
1338 2164 1481 2257 κεράμια,

1097 2269 1207 2339 Σικελὰ
1222 2270 1370 2357 βατάνια,
1386 2270 1542 2364 Μεγαρικά
1558 2268 1633 2363 (τε)
1648 2271 1807 2342 πιθάκνια.

1048 2398 1126 2456 libri
1141 2396 1281 2469 Σικιλικθ,
1295 2410 1328 2454 ut
1339 2397 1493 2458 Κατακολλ.
1505 2417 1539 2468 a,
1552 2399 1633 2473 quod
1644 2411 1686 2457 est
1694 2403 1853 2475 glossema.

1033 2465 1148 2544 'formae
1166 2488 1357 2560 exquisitioris
1375 2497 1404 2542 et
1424 2497 1517 2543 metro
1532 2499 1622 2561 aptoe,
1638 2507 1725 2562 (ροισι
1746 2491 1840 2551 stein.

1047 2577 1182 2635 restituit.
1205 2573 1243 2636 Τί
1265 2577 1360 2632 venui
1377 2575 1539 2649 supplendo
1558 2579 1746 2635 necessarium
1763 2578 1840 2649 fuit,

1048 2666 1094 2721 cui
1108 2666 1198 2722 simile
1211 2686 1254 2721 πι-
1270 2666 1395 2721 vicinum
1408 2665 1546 2722 olfecerit.

1427 2778 1454 2834 8.

1087 2892 1131 2950 lb.
1144 2910 1175 2967 p.
1191 2911 1245 2968 ορ,
1267 2896 1305 2962 Α,
1320 2892 1370 2947 ubi
1385 2891 1421 2949 de
1434 2893 1519 2948 variis
1534 2892 1686 2968 generibus
1698 2896 1757 2950 vini
1777 2894 1840 2952 dis·

1047 2982 1115 3037 serit
1131 3001 1138 3036 2
1152 2983 1185 3035 E.

1096 3091 1123 3163 ί)
1144 3088 1310 3174 Λευκάδιος
1324 3097 1467 3189 πάρεστι,
1483 3098 1535 3164 καὶ
1550 3095 1649 3190 (μὴν)
1669 3097 1819 3189 μελίτιον,

1096 3200 1224 3279 οἰνίσκος
1239 3206 1319 3269 ούτιυ
1333 3205 1473 3295 πότιμος.

1048 3332 1137 3387 Versu
1157 3351 1168 3387 1
1189 3333 1259 3389 Bet)
1277 3327 1421 3406 μιλίττιος,
1438 3332 1462 3387 V
1483 3327 1678 3405 μιλήσσιον,Ι,
1697 3331 1839 3407 μιλήσιος,

1049 3419 1127 3496 quod
1144 3419 1260 3493 quidem
1276 3421 1380 3494 legitur
1398 3420 1429 3473 in
1443 3419 1565 3494 vulgatis
1584 3419 1674 3476 libris.
1690 3421 1747 3477 Sed
1760 3422 1840 3479 bene

1048 3518 1147 3566 monet
1165 3510 1250 3565 blein.
1266 3509 1405 3564 Milesium
1429 3510 1526 3564 vinum
1547 3527 1687 3581 nusquam
1706 3529 1839 3567 comme-

1047 3598 1172 3665 morari,
1187 3614 1280 3669 neque
1294 3615 1323 3652 se
1343 3596 1473 3652 dubitare
1490 3597 1560 3669 quin
1581 3597 1660 3652 aliud
1673 3616 1775 3653 nomen
1790 3600 1838 3654 la-

1047 3694 1111 3740 teat.
1125 3684 1159 3740 ld
1170 3701 1235 3739 sane
1249 3694 1290 3738 est
1306 3680 1432 3757 μελίτιον,
1448 3683 1627 3757 quodetiam
1642 3683 1770 3758 μελίτειον
1789 3687 1839 3741 di-

1048 3773 1139 3840 eitur,
1155 3770 1271 3826 aliunde
1287 3781 1389 3827 notum
1410 3782 1440 3827 et
1451 3773 1513 3831 ,boo
1530 3773 1550 3830 l.
1573 3772 1750 3828 nominatum
1771 3773 1840 3830 οἰνί-

1047 3878 1122 3928 σκος,
1134 3867 1167 3913 ιιι
1183 3858 1274 3925 simile
1288 3859 1356 3913 vino
1369 3876 1463 3932 passo.
1477 3859 1586 3915 Addidi
1598 3857 1660 3933 μήν.
1675 3862 1708 3920 V.
1728 3880 1744 3916 n
1765 3860 1840 3919 οὕτω

1046 3942 1109 4003 πάι.
1120 3986 1129 4015 ,
1142 3951 1182 3998 sic
1194 3946 1330 4018 potabile,
1346 3946 1374 4002 b.
1385 3964 1411 4001 e.
1424 3948 1483 4002 sine
1496 3947 1577 4016 cibo,
1592 3959 1787 4015 antecoenam,
1804 3962 1839 4006 ut

1046 4033 1183 4106 ejusmodi
1192 4035 1323 4107 potiones
1333 4035 1395 4090 bibi
1409 4036 1514 4104 solent,
1526 4036 1620 4091 ναίοις
1626 4079 1636 4108 ,
1647 4038 1840 4093 utTerentius

1047 4124 1148 4177 Heaut.
1171 4122 1198 4189 3,
1217 4141 1244 4191 1,
1261 4128 1317 4195 [¹92
1336 4128 1376 4176 sic
1393 4122 1457 4189 hoc,
1480 4124 1510 4181 b.
1527 4142 1553 4179 e.
1568 4125 1724 4180 secundum
1747 4127 1838 4181 Faer-

1046 4229 1116 4265 num
1142 4210 1337 4279 mediocriter,
1363 4213 1526 4285 germanice
1545 4232 1577 4267 so
1604 4232 1645 4272 so.
1670 4212 1727 4270 Sed
1748 4217 1836 4288 prior

1048 4302 1122 4356 ratio
1145 4301 1234 4375 magis
1249 4300 1352 4373 placet.
1369 4302 1469 4375 Inepte
1481 4301 1582 4358 codL
1600 4299 1674 4358 οὔπω
1687 4322 1719 4360 π.

1085 4516 1127 4571 lb.
1140 4534 1170 4589 p.
1186 4515 1235 4583 tt,
1248 4517 1295 4570 D:
1318 4514 1350 4573 Ε.
1366 4511 1395 4571 δέ
1406 4432 1457 4572 sit
1470 4535 1532 4593 ρηοι

1142 4668 1189 4678 -
1204 4632 1311 4714 Γύναι,

1094 4734 1221 4825 ῥάφανόν
1239 4760 1276 4825 με
1291 4732 1427 4826 νομίσασ’
1449 4734 1489 4813 εἰς
1506 4739 1558 4829 ἐμὲ
1576 4739 1611 4804 ὠ
1628 4741 1684 4811 τὴν
1701 4741 1833 4831 κραιπά-

1772 4852 1834 4918 λιςν

1095 4950 1216 5036 pellem
1229 4947 1348 5036 ἀφεῖναι
1365 4951 1479 5034 πᾶσαν,
1497 4955 1536 5025 ὡς
1554 4948 1622 5040 ἐμοὶ
1636 4942 1742 5026 δοκεῖς.

1048 5100 1060 5124 «
1075 5076 1225 5150 Crapnlam
1236 5076 1358 5130 brassica
1370 5076 1463 5131 sedari
1475 5076 1675 5145 crediderunt,
1690 5089 1722 5131 ut
1735 5079 1835 5135 multis

1044 5166 1216 5238 scriptorum
1231 5165 1300 5218 locis
1310 5164 1446 5238 probavit
1463 5165 1530 5220 ath.
1548 5188 1560 5214 ν
1574 5167 1599 5219 E
1616 5168 1660 5220 M.
1674 5191 1685 5214 ι
1703 5166 1835 5241 Compel-

1044 5253 1119 5308 latur
1142 5253 1186 5307 bis
1210 5252 1303 5308 verbis
1323 5252 1426 5307 mulier
1441 5254 1501 5308 vini
1521 5255 1626 5326 ireque
1646 5256 1746 5328 plena3
1767 5274 1833 5327 quae

1044 5360 1132 5415 quum
1143 5341 1324 5396 vehementer
1333 5341 1444 5395 invecta
1454 5351 1526 5396 esset
1537 5342 1566 5395 in
1578 5342 1721 5396 bominem
1731 5345 1832 5397 nescio

1043 5448 1129 5502 quem
1140 5427 1188 5504 (in
1202 5432 1354 5499 maritum,
1368 5432 1484 5503 opinor.
1498 5430 1583 5488 Both.
1594 5430 1619 5504 l,
1630 5432 1693 5504 ille,
1704 5431 1731 5482 V
1730 5433 1826 5495 idetis,

1044 5518 1153 5589 inquit,
1168 5537 1212 5572 me
1226 5515 1331 5572 habere
1343 5538 1397 5591 pro
1411 5518 1551 5586 brassica,
1573 5525 1601 5572 in
1615 5538 1699 5592 quum
1720 5539 1831 5575 onmem

1043 5617 1119 5660 tuam
1139 5607 1285 5678 crapulam
1299 5602 1444 5676 effundite.
1461 5626 1475 5660 ο
1494 5609 1520 5660 E
1532 5609 1658 5661 secobrii
1676 5610 1829 5663 annotatis.

1423 5776 1447 5824 8.

1041 5870 1212 5926 Leucadium
1227 5872 1354 5938 (vinum)
1367 5871 1442 5929 adest
1452 5916 1459 5937 ‚
1471 5882 1499 5928 et
1511 5888 1573 5928 νειο
1586 5872 1706 5926 melition
1720 5914 1726 5936 ,

1041 5959 1136 6013 vinum
1148 5958 1187 6014 sie
1198 5958 1324 6028 potabile.

1420 6069 1446 6116 9.

1040 6194 1075 6203 -
1088 6164 1197 6231 Mulier,

1039 6250 1184 6307 brassicam
1198 6268 1242 6307 nte
1258 6262 1355 6324 putans
1368 6255 1395 6308 in
1411 6270 1453 6308 me
1468 6255 1605 6323 crapulam

1039 6342 1079 6394 vis
1089 6355 1200 6396 otonem
1211 6338 1371 6408 effundere,
1386 6350 1416 6396 ut
1434 6341 1500 6397 nulii
1515 6343 1625 6397 videris.
