4084 8009
860 1521 1122 1582 hN'PlPlthES.

183 1653 271 1705 Versu
291 1651 386 1708 raith.
403 1662 431 1705 et
449 1653 524 1710 Eust.
542 1651 579 1707 ad
599 1652 681 1707 iliad.
702 1672 734 1726 p.
755 1652 842 1725 1612,
864 1650 912 1725 15,
928 1648 968 1709 Τὸ

182 1734 211 1791 δὲ
223 1739 269 1805 ζῆν
285 1733 342 1793 etat
357 1758 413 1811 μοι,
425 1740 562 1794 inutiliter
582 1739 698 1812 quidem
716 1738 813 1795 addito
828 1740 967 1807 articulo,

181 1844 235 1880 nee
246 1824 400 1900 probando
412 1827 479 1897 isto,
490 1825 569 1900 quod
582 1826 748 1898 ediderunt,

261 1982 303 1996 -
314 1950 353 2011 Τδ
367 1951 394 2010 δὲ

223 2040 270 2110 ζῆν
285 2036 344 2096 sini
356 2060 411 2115 μοι.

182 2165 316 2223 blandose
325 2177 420 2223 autern
429 2168 507 2222 Eust.
519 2165 600 2223 δοκῶν
607 2166 721 2222 ἐπαινεῖν
728 2164 892 2243 Ἀντιφάνους
903 2168 967 2225 ἀπο·

182 2250 240 2330 ρίαν
255 2253 327 2332 (leg.
342 2251 494 2330 Ἀντιφάνης
511 2252 651 2332 εὐπορίαν)
670 2280 682 2305 α
698 2252 737 2313 Τὸ
751 2251 778 2311 δὲ
791 2257 837 2324 ζῆν
852 2253 910 2312 etat
924 2278 968 2331 μοι

181 2338 289 2399 silaus
299 2360 308 2418 ς
317 2368 330 2392 ν
339 2332 371 2412 ἧς
384 2342 493 2418 (malim
502 2342 530 2418 ἡ)
544 2340 617 2405 λύσις
630 2367 642 2394 ι
656 2341 697 2402 Τὸ
705 2341 789 2400 πίνειν
800 2341 867 2422 φήμ’
878 2342 939 2420 irai.
952 2370 964 2395 ι

181 2428 228 2486 καί
240 2430 361 2510 παρῳδία
374 2428 460 2502 ἐκείνη
475 2429 644 2507 (perperam
657 2433 726 2489 libri
747 2430 883 2510 παρῳδίαν
900 2435 971 2491 ἐκεί-

181 2518 243 2595 νην)
257 2518 288 2576 ίιι
300 2520 352 2577 τῶν
370 2521 416 2577 τοῦ
438 2518 600 2597 Σοφοκλέους
620 2519 732 2595 (Antig.
750 2520 908 2592 668-670:
932 2523 966 2578 cf.

181 2625 249 2666 ann.
264 2608 301 2664 ad
314 2609 459 2684 Aristoph.
474 2610 549 2666 Ran.
563 2606 636 2683 855)
648 2605 746 2687 Ὁρᾷς,
757 2619 813 2664 etc.
826 2614 857 2666 V.
872 2618 887 2677 t.
901 2610 967 2665 libri

181 2691 290 2841 γίνιτριὲ.
310 2698 344 2751 V.
367 2693 385 2750 6
408 2691 496 2772 σχόντ’
517 2714 571 2770 pro
595 2692 679 2773 ἔχοντ’
697 2696 814 2754 Grotius
835 2697 965 2772 Excerpt.

180 2800 213 2857 p.
230 2784 248 2839 6
292 2828 298 2841 .

554 2947 597 2982 11.

221 3074 300 3131 idem
318 3073 359 3128 ib.
374 3091 404 3146 p.
431 3090 481 3145 αφ,
499 3075 525 3129 D
545 3090 553 3130 ε
581 3068 650 3130 Ἀντ.
667 3093 718 3128 που
734 3075 748 3127 h
762 3071 862 3151 χαρίεις
885 3073 918 3131 alr
941 3072 967 3142 ἐξ

180 3160 294 3234 ἑκάστης
306 3156 407 3225 πόλεως
421 3157 551 3237 ἰδιώματα
564 3158 633 3219 alito>
646 3158 798 3236 καταλέγει.

230 3305 273 3389 Ἐξ
290 3299 402 3385 iliados
416 3307 572 3401 μάγειρος,
591 3302 623 3384 ἐξ
639 3297 749 3400 ippone
760 3305 867 3391 λέύης,

229 3418 378 3493 Φλιάσιος
394 3410 491 3499 οἶνος,
508 3419 542 3481 ἐκ
555 3414 698 3508 Κορίνθου
711 3421 891 3508 στρώματα,

230 3524 311 3618 ἰχθῦς
319 3531 477 3609 Σικυῶνος,
494 3520 600 3614 Αἰγίου
614 3517 643 3589 δ’
656 3519 842 3616 αὐλητρίδες,

231 3632 315 3723 τυρὸς
332 3629 505 3713 Σικελικὸς,
512 3680 617 3697 ......

185 3732 205 3803 5
233 3740 322 3830 μύρον
341 3732 374 3812 ἐξ
388 3732 522 3820 λθηνῶν,
544 3737 667 3828 ἔγχελυς
686 3734 825 3802 Βοιωτία.

182 3901 271 3955 Versu
285 3896 376 3953 ttibn'
388 3894 495 3976 ἔγχελυς
509 3893 638 3974 βοιοιτίαι.
652 3895 740 3954 Dind.
752 3907 780 3953 et
789 3896 874 3954 Mein.
886 3894 966 3972 ἐγχέ-

182 3984 235 4050 λεις
248 3981 386 4053 sumtu,
401 3984 451 4040 sed
464 3986 630 4058 permisceri
646 3986 748 4040 scimus
762 4006 779 4040 α
796 3994 824 4040 et
839 4004 875 4040 αι.
896 4008 907 4030 a
923 3984 966 4039 Si-

183 4075 277 4130 milem
287 4090 432 4128 recensum
441 4091 537 4128 rerum
547 4074 651 4147 cuique
660 4073 771 4149 regioni
782 4073 966 4147 propriarum

182 4162 271 4219 habes
284 4178 368 4235 supra
386 4158 431 4237 (in
447 4157 606 4237 Προὸατεῖλ
621 4163 694 4217 ilinc
716 4171 824 4236 partem
843 4161 900 4217 loci
918 4181 965 4217 re-

181 4250 283 4324 petivit
295 4249 374 4308 Eust.
391 4248 428 4305 ad
440 4248 522 4309 lliad.
538 4268 569 4324 p.
583 4255 653 4324 974,
672 4249 719 4316 54,
739 4275 752 4299 ι
765 4252 790 4305 E
801 4252 842 4304 M.

550 4417 594 4455 12.

223 4543 303 4602 tdem
318 4564 347 4619 a,
362 4564 391 4619 p.
406 4544 455 4614 38,
467 4547 507 4601 B:
524 4542 592 4602 Ἀντ.

230 4719 279 4730 -
292 4679 432 4772 Κρύύαι,
448 4671 573 4753 Φειδία,

230 4786 349 4853 ἅπαντα
363 4783 465 4852 τάλλα
478 4812 525 4862 τις
541 4781 656 4851 δύναιτ’
675 4782 709 4851 διν
725 4792 804 4859 πλὴν
819 4779 913 4868 δυοῖν,

230 4888 308 4958 οἶνόν
321 4917 355 4957 τι
372 4891 476 4975 πίνων,
491 4890 532 4967 εἰς
546 4891 642 4983 ἔρωτά
657 4888 685 4954 τ’
703 4893 861 4982 ἐμπεσών·

230 4996 384 5088 ἀμφύτερα
401 5001 504 5088 μηνύει
520 5000 577 5089 γὰρ
593 4997 653 5063 ἀπὸ
672 5003 732 5061 τῶν
748 4996 933 5087 βλεμμάτων

183 5099 204 5172 5
230 5101 280 5167 καὶ
294 5111 355 5168 τῶν
364 5103 463 5196 λύγων
472 5108 501 5192 γ’
517 5098 683 5189 αὕθ’,ὤστε
693 5105 761 5180 τοὺς
776 5104 963 5195 ἀρνουμένους

232 5207 368 5299 μάλιστα
384 5210 506 5285 τούτους
524 5219 618 5275 ταῦτα
634 5220 790 5299 καταφανῆ
806 5216 912 5277 ποιεῖν.

553 5397 595 5446 ii.

219 5497 256 5551 Ex
270 5492 349 5550 Elide
362 5508 479 5566 coquus,
494 5493 671 5567 sigislaun,

216 5578 367 5639 Phliasium
380 5581 512 5645 vinum,e
525 5581 655 5638 Corintho
669 5583 799 5654 stragula,

218 5666 307 5736 pisces
320 5664 593 5736 Sicyonis‚¹AEgiique
603 5664 740 5732 tibicinae,

217 5766 313 5823 caseus
328 5750 517 5818 Siculus,......

182 5845 199 5893 a
216 5846 386 5911 unguentum
399 5838 525 5906 Athenis,
537 5837 656 5909 anguilla
669 5838 782 5895 Boeotia.

556 5961 597 6009 12.

219 6091 252 6101 -
267 6060 426 6126 occultare,
441 6058 547 6125 Phidia,

218 6154 307 6204 cetera
318 6154 415 6203 cuneta
430 6153 517 6218 potest
530 6144 628 6217 aliquis
644 6154 742 6217 prater
754 6146 810 6203 duo
824 6187 828 6196 .

218 6236 240 6291 si
255 6227 346 6291 vin‘um
358 6234 437 6302 bibit,
450 6242 478 6291 et
491 6233 519 6289 in
534 6248 655 6290 amorem
668 6235 763 6290 incidit
781 6254 787 6286 e

217 6322 299 6379 ambo
310 6323 383 6379 enim
396 6338 425 6380 se
437 6322 491 6395 ipsa
502 6320 626 6381 indicant
640 6322 769 6395 adspectu

1735 1539 1792 1588 407

1015 1650 1117 1708 Priora
1136 1671 1225 1728 usque
1250 1654 1288 1709 ad
1305 1652 1426 1729 inproba
1447 1656 1534 1712 babet
1555 1658 1639 1713 etiam
1662 1659 1739 1719 Eust.
1762 1663 1799 1717 ad

1015 1741 1118 1814 Odyss.
1137 1762 1169 1818 p.
1189 1760 1275 1813 1770,
1290 1741 1318 1799 8.
1335 1739 1425 1822 Vprsa
1443 1741 1460 1798 5
1478 1744 1544 1800 libri
1557 1743 1642 1819 λόγων
1655 1745 1739 1818 ταῦθ’,
1750 1750 1799 1806 VL

1015 1826 1100 1904 λόγων
1112 1827 1135 1885 τ’
1149 1818 1194 1889 oi.
1208 1833 1243 1887 V.
1258 1829 1372 1905 6vulgo
1383 1851 1413 1904 μ.
1428 1827 1536 1896 τούτους
1546 1836 1705 1910 καταφανεῖς
1718 1837 1797 1893 ποιεῖ.

1015 1920 1062 1973 VL
1077 1940 1108 1991 μ.
1132 1920 1216 1976 ταῦτα
1234 1922 1394 1996 καταφανεῖς
1414 1916 1519 1983 πολλοῖς
1538 1919 1624 1991 ποιεῖ,
1648 1924 1678 1977 in
1697 1925 1800 1997 quibus

1015 2004 1134 2077 πολλοῖς,
1148 2007 1198 2062 ubi
1222 2017 1368 2081 exspectes
1387 2011 1471 2080 πᾶσι,
1496 2008 1657 2082 profectum
1674 2012 1799 2067 arbitror

1015 2094 1051 2150 ab
1064 2114 1115 2165 eo,
1133 2097 1183 2170 qui
1198 2114 1312 2151 versum
1329 2096 1490 2171 suppleret,
1506 2097 1586 2170 quod
1602 2096 1634 2153 fit
1648 2102 1741 2174 aptius·
1752 2120 1799 2158 ae·

1014 2195 1099 2259 cepto
1114 2187 1208 2243 ταῦτα.
1220 2185 1378 2259 Schweigh.
1393 2183 1550 2261 καταφανεῖς
1563 2184 1655 2253 αύτούς
1664 2190 1756 2247 ποιεῖν.

1392 2334 1436 2392 13.

1055 2473 1133 2528 ldem
1147 2474 1186 2530 ib.
1203 2492 1233 2546 p.
1252 2476 1335 2541 44,A
1350 2493 1355 2526 :
1371 2469 1439 2530 Ἀντ.
1452 2470 1480 2528 δὲ
1594 2525 1598 2531 .

1063 2644 1110 2652 -
1125 2603 1207 2687 Οίνῳ
1286 2604 1338 2668 τὸν
1353 2599 1432 2669 οἶνον
1451 2602 1629 2691 ἐξελαύνειν,

1065 2708 1211 2800 σάλπιγγι
1238 2714 1295 2781 τήν
1330 2707 1508 2801 σάλπιγγα,
1535 2720 1579 2795 τῷ
1611 2715 1714 2803 κη’ρυκι
1746 2712 1798 2777 τὸν

1550 2869 1555 2876 .
1659 2821 1797 2901 βοῶντα,

1063 2925 1146 3008 κόπῳ
1159 2923 1266 3003 κόπον,
1279 2919 1365 3011 ψόφῳ
1381 2917 1489 3009 ψόφον,
1508 2914 1664 3010 τριωύύλῳ
1677 2913 1712 2986 δὲ
1728 2923 1799 3013 πύρ-
1848 2915 1856 2927 ’

1729 3055 1795 3111 νον,

1063 3131 1203 3202 αὐθαδίαν
1218 3128 1360 3220 αὐθαδία,
1377 3134 1607 3225 Καλλίστρατον
1630 3133 1772 3226 μαγείρῳ,

1016 3240 1035 3310 5
1062 3242 1171 3308 στάσιν
1194 3239 1323 3323 στάσει,
1348 3238 1433 3329 μάχῃ
1456 3237 1571 3331 μάχην,
1593 3237 1744 3316 ὑπωπίοις
1765 3236 1798 3308 δὲ

1666 3348 1796 3430 πύκτην,

1063 3455 1145 3537 πόνῳ
1159 3454 1260 3536 πόνον,
1271 3444 1290 3517 δ
1294 3449 1341 3543 ίκηΙ
1354 3443 1455 3535 δίκην,
1466 3451 1583 3542 γυναικὶ
1593 3456 1648 3524 τὴν
1662 3459 1796 3543 γυναῖκα.

1018 3634 1029 3659 ι
1043 3613 1116 3665 Ecce
1125 3625 1263 3683 perquam
1274 3607 1403 3663 festivum
1412 3605 1650 3679 homoeopathicae
1662 3605 1798 3663 doctrinae

1012 3696 1234 3753 firmamentum!
1245 3697 1333 3750 Versu
1347 3712 1358 3749 1
1372 3703 1436 3767 post
1445 3691 1506 3771 οίνῳ
1520 3690 1616 3748 Elmsl.
1628 3693 1665 3749 ad
1676 3695 1797 3752 Acharn.

1015 3803 1082 3855 717,
1102 3785 1200 3840 inserit
1225 3780 1252 3839 δὲ
1280 3780 1329 3841 δεῖ.
1354 3780 1464 3856 (Possis
1484 3782 1569 3837 etiam
1593 3777 1672 3855 λέγω.
1696 3784 1799 3859 Both.)

1014 3874 1048 3928 V.
1066 3872 1082 3927 3
1102 3873 1189 3930 verba
1203 3869 1278 3949 κόπῳ
1298 3867 1379 3927 κύπον
1399 3870 1456 3925 hue
1477 3869 1597 3925 retraxit
1619 3870 1714 3929 Elmsl.
1737 3890 1799 3945 quae

1013 3963 1079 4018 libri
1093 3963 1198 4018 habent
1210 3972 1276 4037 post
1295 3957 1449 4025 ἐξελαύνειν.
1468 3960 1625 4014 tuomum
1646 3960 1800 4033 prostibuli

1012 4052 1138 4123 pretium
1157 4049 1292 4105 habemus
1312 4047 1399 4103 etiam
1420 4046 1497 4122 apud
1514 4045 1662 4102 Platonem
1685 4048 1799 4104 Phaone

1014 4156 1042 4209 a,
1056 4157 1102 4210 17,
1114 4135 1365 4213 Epicratemhntil.
1375 4153 1412 4190 aa
1421 4145 1449 4191 et
1458 4135 1626 4191 blechonem
1636 4136 1737 4194 Athen.
1751 4134 1797 4205 13,

1013 4248 1043 4301 p.
1061 4227 1134 4297 580,
1158 4229 1193 4284 D.
1208 4229 1242 4285 V.
1260 4232 1276 4290 d
1296 4225 1489 4280 Callistratum
1500 4224 1574 4301 ¹dicit
1589 4224 1797 4299 Aphidnaeum‚

1013 4327 1155 4371 oratorem
1172 4314 1388 4369 celeberrimum
1411 4310 1457 4386 (ν.
1475 4312 1611 4385 Xenoph.
1637 4313 1749 4368 Hellen.
1770 4313 1797 4382 6,

1014 4424 1043 4473 a,
1058 4406 1108 4479 39,
1121 4422 1185 4459 cum
1198 4404 1337 4476 epinretro
1347 4400 1523 4457 Schneideri.
1537 4400 1619 4458 Both.
1634 4397 1660 4476 ),
1673 4400 1708 4455 de
1720 4401 1798 4472 cujus

1013 4493 1124 4547 luxuria
1146 4491 1183 4548 ci.
1203 4490 1307 4548 Eubuli
1326 4489 1446 4563 Antiop.
1464 4485 1490 4543 3.
1513 4486 1598 4558 Quod
1619 4504 1714 4558 coquo
1732 4503 1796 4541 eum

1013 4589 1160 4654 comparat
1170 4581 1246 4645 Ant,
1256 4577 1293 4632 ad
1304 4576 1485 4651 gulositatem
1496 4576 1549 4631 viri
1559 4584 1676 4648 spectat.
1690 4599 1701 4622 ι
1715 4575 1741 4628 E
1751 4576 1795 4633 M.

1012 4670 1045 4724 V.
1063 4666 1157 4723 arturi
1178 4664 1267 4741 μάχην
1289 4661 1381 4741 μάχῃ,
1398 4663 1477 4737 quod
1492 4663 1617 4719 correxit
1638 4661 1796 4731 Elmsleius‚

1012 4756 1144 4828 idemque
1156 4774 1184 4811 v.
1203 4754 1221 4809 6
1236 4752 1310 4822 δίκην
1320 4752 1390 4827 δίκῃ.

1388 4914 1431 4957 tl.

1051 5048 1130 5103 Idem
1146 5047 1185 5101 ib.
1200 5065 1227 5119 p.
1246 5048 1293 5116 45,
1312 5046 1336 5099 Α
1352 5063 1359 5096 :
1377 5066 1388 5090 ο
1405 5038 1574 5105 ίίίεταλλύξαι
1594 5037 1722 5116 βρώματα
1740 5037 1796 5092 διά-

1011 5157 1077 5214 φορα
1090 5134 1143 5192 iob*
1160 5130 1223 5202 ι’ςδὺ,
1238 5156 1250 5180 ν
1272 5129 1351 5209 φησὶν
1372 5127 1439 5187 Ἀντ.
1457 5156 1469 5179 υ
1485 5126 1596 5185 καὶτῶν
1612 5139 1667 5183 etc.
1684 5129 1725 5181 lta
1738 5127 1796 5180 baec

1012 5225 1133 5279 scribam
1152 5244 1157 5277 :

987 5442 991 5460 .
1012 5406 1028 5454 5
1048 5406 1076 5453 et
1086 5395 1257 5453 sermonibus
1269 5392 1397 5466 quidem,
1408 5399 1449 5458 ut,
1461 5391 1507 5462 qui
1517 5390 1656 5447 abnuunt.

987 5471 991 5558 ¹,
1049 5477 1479 5556 uninponasraecmanuesrent.

1382 5606 1424 5656 ta.

987 5657 991 5784 l
1049 5726 1211 5781 -Vino....
1229 5718 1475 5791 vinumerpeltere,
1505 5751 1508 5760 ·

987 5791 991 5860 l
1048 5813 1189 5868 classicum
1204 5809 1334 5874 classico,
1349 5819 1502 5879 prasonem
1523 5818 1569 5875 per
1586 5802 1767 5865 clamantem,

1048 5897 1207 5956 lassitudine
1219 5895 1418 5963 lassitudinem,
1428 5894 1543 5966 strepitu
1557 5890 1700 5962 strepitum
1710 5931 1717 5952 ,
1729 5890 1795 5944 trio·

987 6043 990 6056 ,
1581 5978 1796 6048 [ύοΙοεικιιῖιιιιι,

987 6059 990 6138 ί
1047 6073 1228 6144 arrogantiam
1241 6071 1408 6143 arrogantia,
1418 6070 1600 6127 Callistratum
1612 6082 1659 6140 per
1667 6081 1796 6137 ooqumn,

986 6151 989 6192 ¹
1012 6166 1028 6215 5
1046 6158 1206 6216 seditionem
1216 6157 1363 6225 seditione,
1375 6172 1466 6229 pugna
1478 6171 1609 6229 pugnam,
1620 6152 1797 6225 sugillationi-

986 6237 988 6244 ’
1580 6240 1795 6311 [buspug'derm

986 6308 990 6383 l
1050 6335 1137 6391 labore
1146 6331 1580 6402 laborem,litelitem,mulierem
1589 6345 1634 6402 per
1644 6329 1794 6384 mulierem.
