4084 8009
936 1485 1084 1548 alexis.
1113 1540 1115 1544 .

210 1646 251 1691 tu
278 1627 325 1687 ὅτι
341 1614 390 1687 δεῖ
405 1621 541 1712 γυναικὸς
553 1622 744 1710 ἐπιφερούσης
759 1612 925 1695 δακτύλους

278 1721 435 1802 άττοιλοιλς*ι
450 1721 500 1790 ὑπ’
519 1725 646 1802 ἀκάνθης
663 1717 741 1815 μηδὲ
758 1724 787 1790 ἓν
805 1728 919 1791 τούτων
934 1751 989 1789 πα·

891 1828 990 1922 dein)

157 2009 168 2022 ⁰
278 1939 326 2003 ἐπὶ
341 1939 375 2002 τό
391 1937 534 2029 τάγηνον,
552 1930 698 2027 φυκίδας,
711 1936 828 2027 ψήττας
839 1936 940 2024 τινὰς,

278 2035 405 2135 καρῖδα,
424 2044 531 2133 φύκην,
549 2037 672 2126 κωόιδν,
689 2045 813 2134 πέρκην,
829 2043 951 2136 σπάρον,

278 2142 389 2239 κρεάδι’
407 2146 503 2222 άττα,
518 2140 666 2235 ποδάρια,
682 2150 776 2239 ῥύγχη
790 2145 877 2232 τινὰ,

214 2250 252 2320 15
280 2249 385 2342 ὠτάρι’
401 2249 470 2338 ὕει’,
486 2254 616 2325 ἡπάτιον
632 2254 886 2345 ἐγκεκαλυμμένον

279 2360 473 2453 (αἰσχύνεται
482 2357 539 2452 γὰρ
549 2362 690 2425 πελιτνδν
705 2357 737 2424 δν
749 2369 792 2444 τῷ
807 2356 987 2451 χρώματι),

281 2470 407 2543 ἐποίησά
423 2466 453 2535 τ’
471 2471 545 2535 αὐτὸ
556 2472 769 2561 ποικιλώτερον
784 2465 858 2536 ταῶ.

281 2576 406 2652 Τούτοις
422 2575 557 2669 μάγειρος
572 2579 605 2639 οὺ
621 2574 767 2665 πρόσειά,
784 2565 848 2638 οὐδ’
865 2569 968 2660 ὄψεται

188 2683 195 2690 ’
280 2677 463 2774 (οἰμώξεται
477 2680 532 2775 γὰρ
547 2685 580 2756 νὴ
593 2675 679 2770 Δί’),
696 2676 767 2745 ἀλλ’
784 2681 842 2773 ἐγὼ
854 2687 952 2771 σαφῶς

209 2808 256 2856 20
281 2784 369 2855 ταῦτ’
390 2788 594 2878 οἰκονομήσω,
610 2786 662 2852 καὶ
676 2792 846 2878 γλαφυρῶς,
862 2784 912 2850 καὶ
925 2812 993 2850 ποι·

877 2890 990 2976 κίλως,

281 3003 376 3063 οὕτω·
387 3006 469 3064 πονῶ
482 2996 539 3091 γὰρ
554 2993 662 3085 τοῦψον
678 2996 781 3078 αὐτὸς,
796 2999 873 3062 ὥστε
887 2997 955 3071 τοὺς

282 3095 474 3180 δειπνοῦντας
485 3103 525 3179 εἰς
536 3100 575 3169 τὰ
589 3094 715 3168 λοπάδι’
728 3095 890 3191 ἐμόάλλειν
898 3108 993 3166 ποιεῖν

283 3208 377 3275 ἐνίοτε
390 3211 456 3286 τοὺς
468 3201 616 3293 ὀδόντας,
630 3208 689 3273 ὑπὸ
705 3218 759 3284 τῆς
773 3198 895 3283 Ιἡδονῆς.

282 3312 368 3392 alre*
382 3314 537 3391 σκευασίας
545 3314 665 3382 πάντων
674 3307 708 3380 δὲ
717 3313 769 3379 καὶ
779 3315 834 3389 τὰς
844 3312 994 3390 σκευάσεις

212 3418 257 3489 25
284 3424 398 3489 τούτων
420 3423 542 3514 ἕτοιμός
554 3422 617 3513 εἰμι
627 3415 780 3505 δεικνύειν,
794 3422 905 3513 λέγειν,

284 3536 391 3621 προῖκα
400 3519 612 3621 προδιδάσκειν
624 3577 633 3613 ,
645 3523 681 3593 διν
691 3527 762 3618 θέλη
770 3550 817 3601 τις
826 3522 991 3614 μανθάνειν.

210 3641 299 3695 Versu
327 3658 339 3694 1
360 3626 404 3695 οθν
426 3639 538 3695 addidit
560 3638 722 3706 Elmslcius,
747 3635 869 3691 bleinelr.
891 3630 995 3709 ὄστρεια

209 3728 320 3802 scripsit
336 3746 392 3803 pro
411 3724 527 3805 ὄστρεα,
553 3736 581 3781 et
602 3727 727 3781 correxit
750 3722 830 3797 quod
852 3723 998 3796 legebatur

211 3813 297 3891 Νηρεῖ
309 3836 361 3871 τιν
372 3836 394 3887 ι,
412 3840 424 3864 ο
435 3817 562 3890 ineptum
572 3813 608 3867 de
620 3816 710 3868 Nereo
726 3830 820 3884 coquo
831 3823 858 3866 ct
869 3828 997 3884 caupone

211 3903 410 3964 celeberrimo.
424 3928 435 3954 ι
449 3907 481 3961 V.
496 3922 513 3957 a
524 3904 602 3980 φῦκος
617 3901 775 3975 Elmsl.pro
784 3896 921 3977 φυκίοισιν.
932 3899 998 3953 ltin·

212 3994 287 4051 dors.
304 3991 384 4071 φυκί’·
402 3992 512 4049 Deinde
526 3991 630 4048 Coraes
643 3986 812 4069 ἠμφιεσμένα
827 3994 882 4063 pro
900 3988 998 4065 ἠμφιε-

212 4078 311 4158 σμένῳ.
337 4082 493 4138 Meinekius
515 4084 598 4136 etiarn
626 4078 735 4158 γέροντα
760 4080 886 4153 scripsit,
906 4077 996 4131 atad

212 4168 318 4247 ὄστρεια
331 4172 480 4229 referatur.
505 4174 606 4227 Versus
617 4188 685 4244 9·1¹
710 4171 793 4225 ctiam
805 4169 835 4221 in
855 4169 996 4220 Demetrio

211 4262 298 4334 positi
308 4271 398 4329 crant,
408 4259 486 4331 cujus
492 4258 549 4315 vid.
559 4257 657 4332 fragm.
668 4257 696 4314 3.
704 4261 736 4313 V.
749 4255 855 4313 rocod.
863 4255 884 4310 C
892 4253 931 4309 δεῖ
940 4273 994 4327 pro

213 4346 265 4416 δὴ,
280 4347 360 4421 quod
371 4359 411 4404 est
425 4349 454 4402 in
468 4347 576 4402 ceteris.
592 4349 626 4403 V.
647 4365 678 4400 rr
694 4363 793 4420 parurn
802 4343 916 4429 placent
927 4361 996 4396 ana-

212 4437 291 4508 paesti
304 4434 363 4491 duo
378 4434 517 4503 continui,
532 4434 732 4506 suspicorque,
746 4449 833 4504 quum
846 4429 918 4483 sorte
929 4431 996 4483 scri·

212 4533 295 4595 ptum
322 4533 391 4578 esset
412 4520 524 4590 ἀκάνθης
545 4540 599 4596 pro
631 4518 753 4582 ἀκάνθαις
770 4518 811 4596 (ν.
842 4527 941 4572 annot.
961 4515 998 4571 ad

214 4608 313 4682 Odyss.
333 4628 382 4679 aa,
408 4608 480 4679 306;
505 4615 554 4676 al,
577 4606 672 4683 508),
695 4607 738 4662 ὑπ’
754 4608 888 4660 inscrtum
907 4623 964 4659 esse
981 4622 997 4657 a

215 4697 331 4753 librario
347 4699 419 4753 male
439 4696 550 4754 feriato.
568 4696 650 4751 Certe
670 4694 821 4769 legendum
843 4710 901 4747 csse
921 4692 999 4747 arbi-

215 4793 276 4841 tror
288 4781 404 4850 ἇπαλοθς
418 4782 582 4846 ἀκάνθαις
594 4784 638 4838 vel
652 4779 786 4857 ἀκάνθῃ.
803 4783 924 4837 InDern.
939 4776 997 4835 τού·

215 4893 274 4937 τους
285 4892 339 4947 pro
353 4869 460 4929 τούτων.
474 4874 508 4927 ln
522 4890 578 4944 qua
594 4871 691 4925 sabula
705 4872 789 4925 etiarn
802 4888 896 4924 versus
911 4874 996 4933 rari.

215 4963 301 5034 positi
319 4960 402 5017 baisse
435 4959 584 5028 videntur3
603 4958 662 5018 vid.
683 4977 745 5031 quae
760 4959 864 5014 Athen.
884 4966 999 5012 testatur

215 5050 316 5124 fragm.
341 5056 367 5115 b.
383 5052 500 5105 Versum
522 5049 590 5103 olim
612 5054 663 5115 της
685 5043 797 5114 ἐποίησά
812 5042 834 5101 τ’
850 5042 925 5116 αὐτὸ,
945 5057 998 5099 etc.

217 5139 376 5212 transposui
396 5145 462 5211 post
481 5133 619 5213 χρώματι,
638 5154 667 5192 ν.
694 5133 740 5203 ι6,
763 5134 813 5188 ubi
836 5144 879 5188 est
905 5144 996 5206 aptus.

165 5272 168 5279 ,
216 5227 249 5279 V.
265 5232 298 5289 ab
310 5221 407 5303 κρεάδι’
423 5222 488 5280 άττα
504 5225 640 5280 Dobraeus
652 5223 689 5278 ad
701 5224 776 5277 Pluti
791 5221 847 5276 καθ
862 5239 915 5295 pro
928 5216 999 5296 κρεά·

220 5392 251 5441 ιο
270 5395 377 5443 teneros
388 5385 497 5442 feminac
511 5383 625 5456 digitos,
642 5384 706 5440 lruic
719 5383 831 5449 allatos,

270 5472 354 5543 spinis
368 5472 427 5553 ejus
439 5486 611 5597 nequaquam
627 5471 704 5552 laedi)

270 5543 362 5598 catino
374 5557 502 5613 tmposur,
515 5558 532 5614 p
552 5540 653 5613 yordes,
669 5542 772 5614 aliquot
783 5539 928 5610 rhombos,

270 5627 414 5700 squillam,
425 5626 546 5701 phycen,
560 5627 686 5700 gobium,
700 5643 825 5700 porcam,
838 5642 964 5700 sparum,

270 5715 429 5771 carunculas
438 5714 586 5787 quasdam,
601 5716 693 5789 pedes,
708 5724 805 5784 rostra,

221 5795 259 5859 15⁴
271 5801 406 5859 auriculas
415 5802 552 5875 porcinas,
563 5803 642 5876 jecur
652 5802 806 5861 involutum
879 5840 888 5855 .

272 5887 313 5954 (id
324 5889 397 5944 enirn
410 5888 507 5961 pudet,
523 5888 600 5946 lividi
612 5905 672 5947 csse
681 5890 807 5957 coloris),

273 5978 412 6049 magisque
425 5976 485 6034 bac
496 5977 594 6035 variavi
606 5994 689 6052 quam
699 5981 810 6050 pavonis
821 5978 947 6036 caudam.

273 6061 317 6118 Ad
327 6061 388 6118 brec
399 6078 504 6135 coquus
516 6079 572 6120 non
581 6065 701 6134 accedet,
714 6082 802 6139 neque
814 6081 845 6122 ea
856 6066 1003 6139 conspiciet¹

272 6146 406 6220 (plorabit
416 6166 465 6223 per
477 6152 587 6209 Jorem!
596 6154 606 6219 )
616 6151 664 6208 sed
677 6166 728 6224 ego
738 6152 809 6209 clara

220 6242 255 6292 20
274 6236 334 6294 baec
347 6235 496 6308 ordinabo,
510 6247 591 6313 atqua
602 6240 749 6312 eleganter,
762 6248 789 6297 et
798 6241 879 6309 varie,

274 6323 313 6380 sic
329 6341 337 6378 ι
352 6321 463 6383 elaboro
476 6328 549 6385 enim
561 6327 705 6401 opsonium
718 6328 775 6402 ipse
784 6327 836 6398 ita,
849 6335 886 6386 ut·

1758 1500 1812 1550 541

1034 1617 1088 1675 δια.
1106 1618 1249 1673 Elnrsleius
1263 1617 1386 1672 malebat
1407 1615 1514 1693 κρεάδια
1540 1615 1592 1673 καὶ
1615 1616 1743 1694 ποδάρια,
1767 1624 1817 1694 qui

1034 1709 1162 1780 sequenti
1172 1724 1254 1760 versu
1269 1706 1394 1760 correxit
1405 1706 1483 1779 quod
1493 1705 1640 1780 legebatur
1649 1709 1735 1782 vulgo
1747 1706 1817 1765 ὠτά-

1036 1813 1078 1870 ρια
1093 1790 1160 1849 tem
1177 1791 1257 1869 (cod.
1275 1786 1326 1851 At)
1338 1791 1376 1865 θῖ)
1394 1793 1441 1860 ἡπ.
1455 1794 1518 1847 Huc
1531 1794 1653 1867 respexit
1668 1794 1769 1850 Athen.
1787 1796 1816 1866 δ,

1035 1899 1064 1953 p.
1081 1879 1117 1953 95
1128 1885 1172 1955 ,Α
1187 1898 1195 1933 ι
1208 1878 1294 1935 ποδῶν
1304 1874 1330 1934 δὲ
1345 1875 1390 1933 κοιλ
1402 1875 1498 1954 ὠτίων,
1515 1875 1554 1935 ἔτι
1569 1876 1596 1934 δὲ
1608 1877 1718 1958 ῥύγχους
1734 1880 1819 1957 (μνη-

1036 1960 1218 2042 μονεύειλἍλ.
1234 1966 1261 2022 ἐν
1275 1962 1426 2044 Κρατεύσρή
1442 1967 1538 2042 Φαρμ.
1554 1970 1642 2023 Versu
1658 1969 1817 2025 16Porso-

1035 2076 1087 2112 nus
1096 2052 1214 2112 πελιτνδν
1223 2074 1278 2129 pro
1290 2056 1405 2129 vulgato
1414 2053 1542 2110 πελιδνόν.
1552 2056 1638 2126 Quod
1650 2059 1777 2131 seqnitur
1790 2054 1819 2115 δν

1036 2143 1157 2199 debetur
1168 2144 1302 2218 llcrglero
1317 2143 1354 2198 ad
1366 2142 1492 2217 Alciphr.
1512 2162 1537 2211 1,
1550 2162 1598 2200 ao.
1616 2169 1628 2193 r
1641 2145 1725 2204 Cous.
1740 2148 1820 2201 Pier-

1034 2251 1087 2286 son
1113 2232 1150 2287 ad
1165 2230 1244 2287 ttoer.
1262 2250 1293 2305 p.
1309 2230 1381 2299 325,
1395 2242 1423 2286 ct
1441 2230 1556 2304 Crobyli
1568 2232 1707 2289 Pseudoh.
1720 2253 1750 2307 a,
1761 2253 1791 2292 a.
1804 2259 1816 2282 ν

1036 2322 1061 2375 Ε
1069 2322 1113 2375 M.
1123 2322 1212 2377 Versu
1226 2339 1236 2375 1
1241 2319 1259 2391 θ
1270 2319 1335 2373 libri
1345 2318 1479 2394 asyndeto
1487 2320 1652 2394 importuno
1663 2321 1708 2379 οὐκ
1717 2318 1819 2400 ὄψεται.

1036 2410 1139 2483 Scripsi
1156 2406 1219 2477 οὐδ’,
1240 2408 1387 2483 permixtis
1407 2408 1464 2463 let
1481 2429 1513 2477 κ,
1532 2420 1564 2463 ut
1592 2410 1670 2485 apud
1690 2413 1818 2487 Eustatb.

1036 2499 1137 2571 Odyss.
1161 2517 1191 2572 9,
1208 2497 1276 2571 itt,
1289 2510 1343 2552 etc.
1358 2499 1392 2553 V.
1415 2516 1450 2569 ¹9
1464 2493 1517 2565 Δί’,
1544 2495 1604 2553 ἀλλ’
1623 2495 1675 2567 ἐγὼ
1699 2500 1822 2572 epitome

1037 2587 1150 2642 lloesch.
1163 2586 1240 2643 Libri
1249 2586 1423 2658 antiquiores
1432 2581 1475 2640 δία
1486 2580 1563 2660 λέγω.
1573 2585 1649 2644 lbid.
1663 2586 1730 2645 cod.
1741 2587 1764 2643 C
1774 2607 1820 2643 σο·

1001 2680 1008 2693 ’
1037 2676 1101 2752 φῶς.
1115 2676 1149 2732 V.
1174 2694 1208 2729 ar
1231 2674 1378 2748 legebatur
1396 2674 1463 2729 ποιῶ
1479 2671 1547 2751 γάρ,
1565 2684 1594 2730 et
1616 2693 1644 2733 ν,
1670 2692 1707 2730 22
1724 2694 1823 2731 rursus

1037 2760 1177 2836 ἐμόάλλειν
1188 2762 1270 2831 ποιῶ,
1282 2780 1344 2835 quae
1355 2763 1417 2834 quis
1425 2761 1625 2835 probetlnouii
1638 2763 1717 2836 quod
1726 2766 1821 2838 posui,
1933 2816 1935 2821 ,

1037 2850 1124 2924 paulo
1145 2850 1308 2905 insolentius
1323 2849 1430 2904 dictam
1444 2860 1503 2921 cst,
1517 2850 1566 2905 sed
1580 2852 1715 2926 graviter,
1730 2870 1823 2925 acque

1038 2936 1177 3009 ejusmodi
1188 2937 1379 3011 peculiaribus
1392 2936 1557 2992 abstinuisse
1565 2939 1668 2993 scimus
1676 2939 1751 2995 hunc
1764 2940 1823 2996 No·

1038 3037 1137 3084 strum.
1152 3025 1245 3080 Verba
1270 3019 1338 3079 ώστε
1363 3019 1458 3087 τοὺς...
1473 3043 1562 3098 usque
1583 3025 1620 3080 ad
1634 3023 1729 3095 ἡδονῆς
1741 3045 1768 3080 ν.
1786 3028 1822 3084 23

1038 3116 1123 3168 etiam
1137 3114 1168 3167 in
1179 3113 1382 3186 Asclepioclide
1393 3114 1487 3185 posita
1500 3112 1617 3171 iuuant.
1639 3116 1673 3170 V.
1694 3120 1730 3179 ab
1746 3139 1760 3163 ι
1776 3126 1829 3171 aut

1039 3198 1260 3277 ἐργασίαςρτο
1270 3198 1421 3270 σκευασίας,
1433 3197 1653 3265 ουιδιαθίσεις
1665 3220 1720 3275 pro
1730 3201 1825 3259 σκιυά·

1040 3308 1091 3351 σεις
1111 3288 1260 3363 legendum
1277 3289 1441 3362 suspicor.»
1460 3290 1548 3342 Mein.
1568 3288 1630 3363 Ego
1643 3308 1704 3344 non
1723 3289 1824 3346 dubito

1039 3378 1110 3451 quin
1122 3376 1168 3433 al.
1185 3376 1289 3431 dixerit
1304 3372 1515 3446 στοιόασίας,
1534 3381 1740 3452 acervationes,
1755 3380 1775 3437 i.
1797 3397 1823 3436 e.

1038 3467 1143 3545 horrea
1155 3465 1339 3541 (magarius),
1352 3464 1429 3520 unde
1440 3466 1476 3539 is,
1490 3464 1571 3537 cnjus
1580 3466 1640 3521 baec
1649 3478 1715 3522 sunt
1725 3468 1823 3536 verba,

1040 3556 1158 3630 sumpsit
1171 3553 1265 3609 edulia
1283 3571 1346 3625 qnae
1364 3554 1550 3609 enumeravit.
1572 3553 1693 3608 Confusa
1708 3572 1725 3608 κ
1743 3562 1772 3608 et
1791 3574 1825 3621 τ,

1041 3654 1072 3697 ut
1082 3642 1183 3716 Odyss.
1202 3660 1229 3710 1,
1241 3640 1293 3710 603
1305 3659 1335 3715 9,
1348 3639 1402 3708 843
1417 3642 1432 3716 β
1443 3651 1509 3715 eto,
1526 3639 1825 3716 quemadmodnmap.

1041 3728 1188 3786 Pollucem
1203 3747 1232 3799 7,
1250 3727 1284 3784 13
1295 3771 1304 3797 ,
1317 3724 1416 3805 νεύρίδι
1426 3745 1480 3801 pro
1493 3724 1609 3804 νιυρίδοις
1622 3727 1826 3783 restituendum

1041 3834 1098 3873 esse
1119 3817 1191 3873 vidit
1215 3814 1359 3887 Bentlejus
1384 3817 1489 3890 Opnsc.
1514 3816 1585 3891 phil.
1609 3835 1639 3890 p.
1661 3814 1731 3873 285.
1757 3817 1828 3873 Voci

1042 3902 1127 3963 στοιό.
1141 3906 1275 3962 convenit
1289 3900 1412 3962 δεικνύειν
1427 3923 1455 3960 ν.
1470 3903 1518 3962 υ5.
1529 3907 1617 3960 Versu
1632 3902 1670 3959 αδ
1686 3905 1829 3961 Porsonus

1043 3989 1073 4048 άν
1083 3992 1155 4069 θέλῃ.

1421 4088 1447 4126 a.

1082 4183 1162 4239 Idem
1181 4183 1214 4252 8,
1227 4202 1257 4256 p.
1277 4181 1351 4251 340,
1369 4181 1391 4238 Α
1409 4176 1491 4257 :napi
1504 4176 1531 4236 δέ
1549 4182 1595 4237 τοῦ
1614 4178 1823 4257 Καλλιμέδοντος

1043 4273 1088 4327 τοῦ
1110 4268 1253 4349 Καράόου,
1278 4267 1354 4325 ὅτι...
1372 4257 1402 4337 ἧν
1418 4266 1463 4324 καλ
1484 4264 1637 4346 διάστροφος
1657 4265 1715 4332 τοθς
1729 4269 1826 4347 aptat.

1033 4356 1151 4434 ,μοθς....
1163 4353 1220 4415 'tt
1233 4358 1259 4412 ir
1273 4354 1396 4434 Κρατεύα
1415 4351 1433 4422 ἢ
1453 4354 1682 4433 Φαρμακοπώλῃ,

1092 4500 1124 4542 α.
1137 4475 1189 4559 Τῷ
1203 4463 1436 4563 Καλλιμέδοντι
1445 4470 1501 4565 γὰρ
1511 4471 1659 4563 θεραπεύω
1672 4468 1727 4549 τὰς
1737 4473 1828 4564 κόρας

1094 4571 1154 4651 ήδη
1170 4577 1317 4671 τετάρτην
1332 4579 1455 4669 ἡμέραν.
1476 4580 1504 4661 β.
1522 4569 1603 4643 dont
1620 4576 1706 4669 κόραι

1093 4687 1248 4778 θυγατέρες
1262 4686 1360 4770 αὺτῷ;
1377 4710 1406 4749 α.
1423 4680 1489 4760 Τὰς
1511 4683 1564 4775 μὲν
1585 4680 1633 4749 οὖν
1649 4692 1709 4750 τῶν
1726 4683 1829 4775 ὀμμά-

1752 4816 1826 4875 των,

1092 4897 1127 4976 ἂς
1136 4893 1200 4965 οὐδ’
1210 4902 1225 4964 ὁ
1237 4896 1423 4988 Μελάμπους
1435 4946 1444 4979 ,
1456 4895 1487 4974 ὃς
1496 4896 1584 4988 μόνος
1593 4895 1648 4974 τὰς
1660 4889 1829 4986 Προιτίδας

1047 4999 1066 5071 5
1093 5006 1204 5070 ἔπαυσε
1220 5001 1412 5096 μαινομένας,
1424 5004 1640 5075 καταστήσειεν
1655 4998 1704 5071 οἷν.

1046 5157 1057 5180 ι
1070 5132 1158 5204 Ipsius
1173 5130 1297 5187 Cratcnae
1310 5129 1539 5203 pharmacopolae
1553 5129 1651 5187 verba.
1665 5128 1752 5184 Ludit
1769 5147 1829 5183 am—

1045 5220 1131 5293 bigua
1144 5216 1349 5292 significatione
1366 5219 1444 5273 vocis
1456 5215 1532 5294 κόρη.
1551 5219 1598 5272 νΕ
1608 5219 1650 5275 Μ.

1098 5381 1218 5438 conrivae
1231 5397 1430 5454 nonnunquam
1442 5380 1539 5437 dentes

1099 5467 1205 5538 patellis
1215 5466 1341 5540 injiciant
1353 5481 1409 5539 pra
1424 5466 1571 5537 voluptate.

1099 5559 1203 5612 Horrea
1217 5564 1309 5614 autem
1319 5556 1444 5613 omniurn
1457 5562 1484 5610 et
1496 5553 1591 5610 modos
1601 5549 1713 5625 parandi

1046 5649 1081 5700 25
1099 5643 1196 5699 lromrn
1210 5649 1562 5719 paratassummonstrare,
1573 5640 1679 5707 dicere,

1099 5730 1182 5801 gratis
1193 5729 1349 5803 precipere,
1360 5728 1382 5785 si
1394 5726 1455 5800 quis
1467 5727 1526 5784 νυΙι
1536 5726 1650 5783 discere.

1048 6000 1073 6041 a.
1086 5981 1278 6041 Callimedonti
1294 5982 1368 6040 enirn
1380 5980 1497 6054 papillas
1507 5996 1575 6038 curo

1047 6070 1103 6142 jam
1115 6077 1212 6143 quarto
1223 6068 1279 6125 die.
1293 6067 1324 6125 b.
1337 6066 1477 6125 Habuitne

1049 6156 1120 6214 illios
1128 6159 1140 6213 t
1149 6172 1175 6213 a.
1189 6153 1340 6213 Oculonrm
1353 6152 1464 6228 quidem
1475 6155 1549 6227 κόρας
1561 6153 1638 6224 dico,

1051 6260 1163 6318 quasue
1177 6241 1332 6313 Melampus
1343 6242 1470 6316 quidem,
1484 6242 1532 6319 qul
1544 6242 1619 6302 aolus
1628 6240 1780 6303 Proetidurn

1051 6332 1139 6387 linivit
1151 6326 1304 6397 insaniam,
1318 6337 1435 6388 sanaret.
1481 6403 1486 6410 ι
