4084 8009
840 1504 1127 1566 PllllllllGllATES.
1751 1514 1788 1563 93

554 1634 580 1692 5.

214 1746 347 1806 idemib.
363 1745 435 1822 968,
450 1745 574 1826 τραχήλι’
589 1747 669 1805 ἐσθίει
684 1766 692 1807 :
707 1750 741 1805 τδι
760 1748 891 1828 κεφάλαια
907 1754 959 1809 τῶν

180 1833 272 1912 ΖΜΝ
286 1833 479 1907 trinepote
496 1835 549 1895 Καὶ
563 1837 601 1896 Φ.
612 1838 638 1894 ίν
653 1834 838 1912 Ἐπιλήσμονι·

222 1943 321 2027 ὅστις
337 1954 486 2045 παρέθηκε
502 1953 596 2046 κρανί’
616 1952 635 2026 ἢ
651 1959 813 2047 τραχνῖλια.

178 2081 257 2138 libri
272 2083 344 2136 inira
357 2084 547 2158 corruptione
561 2081 605 2139 καὶ
620 2082 660 2143 Φ.
676 2084 704 2140 ἐν
716 2081 862 2162 Ἐπιστολῇ
874 2083 960 2158 μόνιάς

178 2189 212 2233 τις
223 2167 358 2248 περίθηκε
372 2167 480 2248 κράνην.
493 2173 562 2245 Quae
573 2172 728 2229 rectissime
740 2172 885 2248 expedivit
893 2175 961 2230 Mei-

178 2257 285 2315 reliius.

553 2382 582 2445 6.

212 2492 296 2554 ldern
318 2493 360 2552 ib.
377 2491 447 2569 δύο,
466 2494 503 2551 de
522 2493 681 2575 δαλλορορίρ
701 2515 802 2553 senum
824 2498 853 2551 in
867 2498 959 2552 Pinn-

179 2583 311 2640 ἰδιωτείας
329 2578 495 2654 Μνημονεύει
504 2585 550 2640 τοῦ
560 2580 632 2648 ίδους
646 2584 773 2663 Κρατῖνος
788 2586 815 2641 δν
829 2582 958 2655 Δηλιάσι,

179 2667 219 2726 tol
232 2670 275 2730 Φ.
291 2667 316 2728 δ’
325 2671 352 2727 lv
363 2667 557 2746 Ἐπιλήσμοσιν
571 2671 658 2750 (sic).

551 2804 582 2856 7.

214 2895 344 2954 linotetli.
364 2895 402 2953 ad
411 2899 497 2956 Hom.
511 2916 542 2973 p.
558 2915 626 2969 707,
643 2896 701 2957 36:
719 2895 789 2955 κατὰ
805 2897 958 2957 Παυσανίαν

179 2984 219 3044 Φ.
244 2989 315 3042 ποιεῖ
336 3005 395 3042 τινα
420 2981 619 3059 δκμαααάμινον
640 2984 693 3043 άπὸ
712 2990 825 3063 πορετοδ
848 2985 958 3066 λέγοντα

179 3099 189 3122 ι
200 3069 258 3130 Tm
268 3069 365 3150 ίδρῖιτα
376 3069 424 3130 καὶ
437 3069 487 3142 τὴν
500 3070 628 3149 άρδαλίαν
640 3071 688 3129 ἀπ’
699 3073 764 3147 ἐμοῦ
778 3071 930 3152 σπάγγισον.
945 3105 957 3128 ι

180 3159 278 3216 Scribe
297 3157 393 3240 άρδαν,
410 3171 445 3216 ut
462 3160 540 3217 idem
561 3161 598 3217 nd
614 3160 717 3235 Odyss.
734 3181 764 3237 p.
787 3162 872 3235 1761,
892 3183 930 3239 29
949 3186 956 3219 ι

180 3243 350 3304 πινάπιιιδδ
374 3248 595 3323 (Aristophaneo
615 3251 833 3325 grammaticus)
859 3249 959 3317 τούτοις

180 3332 274 3401 {eruite
284 3339 296 3412 l
305 3336 327 3391 i.
337 3353 365 3392 e.
378 3332 482 3402 ξενικῶς
491 3337 576 3394 Both.
589 3338 598 3412 )
611 3338 657 3393 καὶ
667 3335 697 3394 τδ
707 3337 868 3414 άρδαλῶσαι,
880 3337 958 3417 ἤγουν

180 3423 304 3498 ιαλΰναι,
318 3419 404 3502 ρίροιν
416 3422 462 3480 καὶ
475 3421 506 3480 τὸ
517 3421 574 3493 Τὴν
591 3422 638 3498 μὲν
651 3422 733 3503 άρδαν
744 3422 791 3480 ἀπ’
801 3425 865 3499 ἐμοῦ
877 3426 959 3505 σπόγ-

180 3531 259 3586 γισαν.
270 3511 423 3572 Rrotianns
433 3513 525 3570 Gloss.
542 3515 681 3589 llippocr,
695 3533 725 3588 p.
740 3515 778 3589 98
788 3517 849 3585 Fr,
861 3512 957 3594 Ἀρδα·

180 3611 219 3656 ίαν
232 3617 242 3656 e
257 3595 341 3678 ῥύπον
353 3596 372 3668 ἦ
386 3600 531 3676 μολυσμύν·
544 3600 590 3657 καὶ
604 3599 655 3679 γάρ
675 3600 706 3657 τδ
721 3602 831 3674 μολῦναι
844 3600 861 3672 ἢ
877 3607 958 3681 pund·

180 3707 217 3744 ιαι
239 3685 395 3764 aptatum
413 3686 534 3764 λίγιται,
551 3687 598 3747 καί
619 3687 730 3767 άρδαλος
745 3689 879 3769 ἅνθρωπος
892 3696 907 3749 δ
921 3689 958 3767 μὴ

181 3775 297 3854 ιαδαρῦς
309 3774 370 3842 (tiv-
380 3774 512 3850 μίμνηται
523 3780 570 3848 τῆς
583 3775 675 3844 λέξεως
687 3777 858 3857 Φερεκράτης
870 3779 960 3859 (male

181 3861 264 3920 :odd
289 3860 464 3941 Φερεκύδης)
486 3863 512 3921 δν
535 3863 683 3942 Θαλάσσῃ,
709 3865 754 3923 καὶ
776 3865 908 3943 Φιλήμων
933 3869 959 3925 ἐν

181 3945 341 4030 Πανηγύριι.
350 3951 445 4026 Quare
455 3971 568 4012 rcrsnrn
577 3955 633 4012 linc
643 3956 736 4014 rotuli.
750 3981 762 4007 ι
778 3958 821 4015 M.
831 3957 958 4015 Scriben-

181 4039 243 4096 lurn
255 4041 345 4116 igitur
355 4043 461 4100 attice:

221 4154 286 4221 Τὸν
303 4147 419 4248 ἱδρῶτα
441 4158 493 4224 καὶ
515 4161 571 4234 τὴν
592 4153 686 4251 άρδαν
706 4157 761 4226 ἀπ’
780 4165 851 4252 ἐμοῦ
868 4166 954 4256 opip-

863 4295 959 4361 γιοον.

325 4425 537 4522 λίΠ.ἸΠΠοΣ
556 4431 581 4490 Π
605 4432 812 4492 ΠΑΝΝΥΧΙΣ.

216 4715 322 4774 Allien.
339 4714 385 4786 13,
400 4734 431 4789 p.
447 4718 518 4786 διε,
533 4721 556 4772 Α
571 4715 673 4774 :xcxiv
686 4738 716 4793 γε
730 4715 760 4774 τδ
774 4716 845 4783 τέλος
859 4720 906 4788 τῆς
920 4720 960 4775 εὖ·

182 4799 315 4880 ὶαιμονίας
330 4805 369 4882 τῷ
382 4801 515 4884 ριλοσύρῳ
528 4804 606 4881 (haec
618 4807 656 4882 τῷ
669 4807 723 4883 pt.
740 4827 793 4880 pro
806 4809 898 4880 glossa
910 4810 960 4864 lia-

183 4893 255 4968 κο)
270 4893 289 4960 ἡ
301 4889 433 4972 populari,
445 4891 544 4970 πάχνη,
561 4893 707 4959 ἀκολούθως
720 4917 750 4968 γε
762 4898 794 4972 τῇ
805 4895 963 4973 Σωκράτους

183 4977 332 5058 ριλοαορίᾳ,
352 4979 445 5059 άνδρδς
461 4985 506 5037 τοῦ
521 4980 567 5039 καὶ
590 4979 636 5050 τὴν
655 4980 778 5051 τοιαύτην
797 4986 890 5062 χρῆσιν
911 4987 962 5041 τῶν

183 5063 269 5144 τύρων
287 5067 548 5142 διτοδακιμάσαντος,
576 5068 696 5135 Σολωνος
715 5070 742 5127 δὲ
761 5075 804 5127 τοῦ
825 5071 962 5145 νομοθέτου

183 5153 231 5210 τύδ’
245 5153 429 5232 άπιτρίποντος
441 5155 516 5234 δνδρὶ
531 5155 651 5227 τοιαύτης
670 5153 844 5236 προίστασθαι
857 5158 960 5237 τέχνης.

183 5239 216 5298 lili
226 5239 276 5298 καὶ
284 5242 326 5304 Φ.
343 5243 369 5300 δν
384 5241 464 5322 Ἰπνῷ
475 5241 494 5314 ἢ
511 5244 655 5323 Παννυχίδι
665 5245 730 5324 φησὶ

227 5349 322 5440 Κᾷτα
336 5364 523 5448 μυροπωλεῖν
537 5359 569 5425 τί
580 5356 700 5450 μαύύντ’
713 5356 770 5426 οἷνδ
773 5359 797 5452 ρ’
812 5363 898 5453 ἐχρῆν
910 5388 962 5426 κα-

837 5469 961 5558 ύνῖμενον
984 5487 988 5557 ξ

184 5765 357 5840 Quicumque
370 5769 496 5841 opposuit
508 5689 597 5841 capili
612 5769 651 5826 vel
665 5771 792 5842 capitula.

184 5939 314 5996 {odorem
323 5954 356 5996 ac
367 5939 462 5998 sordes
472 5863 601 6015 ibsteilpe
614 5941 680 5998 mihi
694 5944 816 6016 spongia.

350 6029 499 6088 turnus
518 6031 559 6086 vel
579 6032 792 6086 PANNYCHIS,

185 6207 251 6260 l'uin
260 6203 328 6278 quid
338 6205 448 6261 attinuit
456 6125 665 6278 ungunlianam
676 6221 799 6261 exercere
811 6207 910 6271 nrum,
921 6219 963 6260 se·

185 6291 233 6348 dte
244 6289 299 6348 rub
310 6289 444 6360 uinlielln,
455 6300 484 6349 et
498 6293 534 6350 ito
546 6302 748 6364 comparatum,
841 6293 965 6362 {dentem

1056 1639 1177 1728 ιἰψηλιός
1193 1635 1423 1723 incircumcisio),
1441 1643 1717 1729 κατεσκευασμένον

1056 1739 1206 1836 συνέδριον
1228 1754 1291 1821 τοῖς
1311 1745 1516 1835 μειρακίοισιν,
1532 1752 1640 1810 λαλεῖν
1656 1740 1696 1810 δι’
1712 1749 1789 1834 ἠμέ-

1672 1879 1677 1890 .
1724 1877 1790 1941 9443

1335 1979 1461 2010 κκκκ

1059 2094 1160 2163 Λύτίκ’
1168 2090 1265 2174 οὐδεὶς
1277 2090 1346 2162 οὐδὲ
1363 2096 1553 2188 μαγείραιναν
1569 2089 1631 2162 εἶδε
1643 2097 1770 2162 πώποτε

1055 2198 1123 2268 οὐδὲ
1138 2208 1195 2296 μὴν
1212 2198 1285 2270 οὐδ’-
1295 2202 1546 2296 ἰχθυοπώλαιναν.

1008 2332 1088 2392 Libri
1102 2331 1182 2391 καλόν
1194 2355 1239 2409 γε,
1257 2334 1425 2389 confusione
1443 2332 1650 2404 adjectivorum
1668 2329 1748 2395 κακὸς
1762 2342 1791 2387 et

1006 2419 1097 2491 καλδς,
1129 2440 1215 2497 (luam
1249 2440 1322 2495 saepc
1352 2420 1581 2490 observavimus;
1614 2421 1792 2476 verisimilius

1006 2511 1082 2564 cnirn
1093 2511 1149 2565 lioo
1163 2521 1205 2565 est
1216 2527 1303 2584 quam
1316 2507 1345 2565 οὗ
1360 2508 1515 2577 excidisse,
1528 2510 1583 2564 etsi
1599 2506 1661 2580 ejus
1674 2528 1791 2582 quoquc

1006 2597 1112 2652 erroris
1135 2615 1194 2650 non
1218 2597 1319 2652 dosunt
1338 2597 1476 2670 exemplu.
1500 2599 1589 2652 Versu
1614 2614 1625 2650 ι
1651 2595 1717 2651 libri
1740 2617 1790 2652 κα-

1005 2683 1216 2763 ταμυροπωλιῖν.
1236 2685 1368 2760 Optimus
1384 2681 1491 2756 μαθόντ’
1508 2679 1539 2739 δν
1559 2681 1587 2738 δὲ
1608 2684 1688 2761 χρῆν·
1703 2685 1790 2740 ceteri

1006 2769 1096 2847 petilii
1117 2768 1194 2827 τάνδε
1215 2792 1260 2848 χρ.
1286 2772 1416 2827 Correxit
1438 2771 1599 2828 Erfurdtiun
1623 2789 1630 2826 :
1655 2772 1792 2827 Dobraeus

1005 2879 1075 2915 vero
1082 2857 1108 2916 τί
1117 2857 1223 2917 παθόντ’
1233 2881 1242 2930 ;
1252 2856 1283 2914 δν
1292 2855 1318 2914 δί
1327 2857 1492 2936 χρῇ,καδιίμ.
1508 2859 1546 2917 V.
1561 2876 1578 2914 2
1591 2859 1658 2913 libri
1671 2856 1791 2936 σκιαδίῳ,

1007 2947 1162 3026 δσυνίδριον
1173 2939 1203 3005 ού
1212 2954 1265 3012 τοῖς
1279 2948 1434 3025 μειρακίοις·
1448 2946 1535 3003 ἐλάλει
1545 2946 1579 3002 δι’
1588 2948 1638 3020 ἡμ.
1650 2948 1791 3003 Probabi-

1005 3038 1069 3092 litcr
1088 3038 1175 3094 lllein.
1197 3033 1379 3113 μειρακίοισιν,
1399 3034 1488 3092 λαλεῖν
1509 3035 1671 3110 (intellecto
1688 3031 1756 3090 ὥστε
1769 3033 1789 3113 ).

1005 3125 1091 3197 Quod
1102 3126 1222 3180 alterurn
1235 3124 1374 3199 proponit
1384 3120 1672 3200 perpenpenditur
1685 3122 1717 3178 δι’
1733 3125 1792 3196 tp„

1005 3231 1058 3288 per
1079 3231 1109 3268 ιο
1130 3213 1246 3285 quidem
1269 3230 1328 3266 non
1351 3211 1490 3286 displicet,
1510 3211 1560 3267 sed
1582 3213 1731 3266 molestum
1750 3222 1792 3267 est

1005 3310 1125 3375 proptor
1133 3301 1223 3355 simile
1231 3299 1311 3373 quod
1319 3299 1469 3369 antecedit,
1478 3296 1619 3376 συνέδριον.
1630 3302 1664 3356 V.
1678 3297 1790 3355 5codd.

1006 3389 1036 3444 οὐ
1049 3387 1102 3463 μὴν
1114 3389 1296 3445 emendatum
1312 3386 1495 3444 alleinekio.

1385 3527 1415 3566 2.

1048 3624 1164 3679 Photins
1177 3582 1208 3699 p.
1223 3623 1292 3696 διδ,
1308 3642 1338 3697 9,
1354 3619 1502 3681 Ἱπάύολον
1519 3643 1525 3678 :
1547 3622 1717 3696 ὑποκείμενον
1730 3620 1794 3699 πρὸς

1007 3709 1106 3768 δάνειον
1119 3712 1164 3767 καὶ
1179 3712 1262 3767 τόκον.
1275 3713 1315 3769 Φ.
1330 3710 1420 3788 Ἰπνῷ·

1055 3876 1104 3885 -
1118 3842 1187 3928 Οὐχ
1204 3842 1272 3928 ὀρᾷς
1285 3843 1341 3911 τὴν
1356 3835 1453 3902 οἰκίαν

1056 3947 1113 4017 τὴν
1130 3943 1343 4018 Πουλυτίωνος
1362 3943 1502 4033 κειμένην
1520 3935 1695 4020 ύπνίάολον,

1007 4072 1104 4130 Codex
1128 4092 1211 4129 versu
1235 4091 1251 4129 α
1276 4073 1388 4141 Πολυτ,
1412 4084 1440 4126 ct
1454 4067 1601 4145 ὑπάδολον,
1624 4071 1673 4128 sed
1692 4070 1795 4131 suidas

1009 4155 1159 4229 Ὑπήδολον
1182 4177 1189 4218 ε
1207 4159 1376 4233 ὑποκείμενον
1395 4156 1459 4234 πρὸς
1483 4156 1597 4227 δάνειον,
1618 4177 1682 4231 quae
1703 4160 1794 4215 forma

1008 4260 1101 4306 metro
1116 4252 1256 4325 congruit.
1281 4249 1443 4303 Etutatliius
1463 4248 1579 4321 quidem
1590 4247 1626 4302 ad
1646 4248 1747 4321 Odys.
1763 4266 1793 4322 p.

1013 4338 1098 4409 1405,
1114 4358 1150 4394 ευ
1166 4358 1173 4393 :
1197 4335 1326 4394 ύπόύολον
1338 4337 1367 4392 οὐ
1381 4333 1458 4408 μόνον
1470 4335 1499 4391 τὸ
1513 4332 1586 4411 παρά
1600 4336 1653 4397 τοῖς
1664 4334 1794 4408 νομὶκοῖς,

1009 4425 1077 4483 illl
1099 4424 1187 4483 καὶτὸ
1204 4422 1434 4497 ύπούεύλημένον,
1457 4422 1535 4498 ἤγουν
1547 4420 1716 4495 ὑποκείμενον
1731 4422 1795 4499 πρὸς

1010 4513 1110 4572 δάνειον
1124 4513 1171 4569 καὶ
1184 4512 1274 4586 τόκον,
1286 4509 1337 4567 dn
1348 4508 1440 4586 άγρδς,
1452 4508 1504 4566 εἴτε
1519 4498 1605 4583 οἶκος,
1617 4509 1668 4565 εἴτε
1678 4507 1743 4566 ἄλλο
1757 4531 1792 4565 τι.

1009 4603 1049 4663 Φ.
1071 4602 1132 4678 Οὖχ
1207 4598 1370 4662 Πολυτίωνος
1387 4594 1462 4674 (sic)
1485 4597 1529 4654 καὶ
1551 4594 1694 4671 ὑπάύολον;
1717 4596 1795 4665 δῆλον

1010 4688 1052 4759 δὲ,
1067 4687 1106 4745 δτι
1118 4687 1163 4744 καὶ
1180 4686 1265 4765 ἕτερον
1275 4676 1307 4755 ἦν
1318 4680 1469 4754 ὑπιίιύολον,
1488 4683 1600 4743 δκτεῖνον
1611 4682 1657 4753 τήν
1672 4680 1794 4760 παραλή-

1010 4796 1125 4850 γουσαν,
1146 4771 1191 4830 καὶ
1216 4774 1309 4843 δηλοῦν
1334 4774 1364 4829 τὸ
1387 4770 1557 4845 ὑποκείμενον
1581 4769 1626 4828 ἐπὶ
1649 4768 1795 4849 δύολιμαίῳ

1010 4867 1088 4941 τόκῳ.
1105 4864 1160 4920 Scd
1181 4865 1237 4918 linc
1254 4865 1377 4917 alienum
1392 4862 1514 4932 videtur,
1534 4862 1663 4934 quamvis
1685 4862 1794 4935 iuposi-

1012 4965 1071 5008 tinn
1095 4952 1172 5028 apud
1193 4953 1324 5008 l‘liotinm
1346 4970 1361 5005 a
1381 4951 1509 5004 Porsono
1536 4949 1654 5008 Advers.
1671 4968 1702 5023 p.
1723 4947 1791 5021 295.

1011 5043 1170 5096 «Formam
1196 5042 1320 5095 ionicam
1341 5039 1465 5093 nominis
1496 5033 1630 5095 Πολυτίων
1652 5036 1794 5093 Andocidi

1012 5133 1053 5185 [le
1067 5142 1149 5203 myst.
1175 5130 1193 5204 S
1220 5149 1265 5197 ιυ,
1285 5136 1331 5194 τίς,
1352 5138 1380 5183 et
1395 5128 1483 5200 Lysiae
1504 5144 1539 5180 cx
1562 5125 1648 5182 codd.
1674 5126 1794 5179 restituit

1010 5219 1172 5285 Bckkcn1s3
1186 5217 1224 5273 ci.
1239 5217 1356 5273 Boeckli.
1379 5215 1489 5288 Explic.
1502 5212 1587 5271 l‘ind.
1602 5232 1632 5287 p.
1646 5212 1715 5278 415.
1725 5230 1794 5266 enn-

1010 5306 1075 5361 dcni
1088 5317 1203 5361 tuentur
1221 5305 1286 5359 libri
1304 5304 1442 5359 AEschinis
1463 5304 1575 5358 Socrnt.
1592 5303 1676 5373 Eryx.
1691 5319 1718 5372 p.
1737 5297 1793 5371 395

1010 5407 1038 5450 ct
1054 5402 1110 5461 ¹loo
1132 5412 1138 5450 :
1158 5395 1261 5467 quilius
1276 5412 1309 5449 ex
1324 5393 1396 5447 locis
1412 5391 1494 5446 simul
1513 5390 1690 5462 intelligitur,
1704 5387 1792 5458 Puly-

1011 5484 1096 5536 tinnis
1107 5482 1195 5549 aedcs,
1210 5483 1283 5536 inter
1301 5492 1414 5555 portam
1427 5479 1567 5534 Piruicnrn
1579 5487 1605 5532 ct
1619 5475 1793 5531 Cernrnirnrn

984 5694 990 5742 t
1013 5693 1051 5746 nt,
1065 5683 1099 5739 nd
1112 5682 1333 5740 adolescentulos
1345 5698 1404 5738 sese
1413 5680 1566 5753 applicans,
1578 5676 1677 5748 garriat
1688 5675 1722 5731 de
1732 5674 1793 5730 dic?

1011 5859 1108 5914 Statim
1120 5872 1201 5913 nenio
1213 5873 1247 5912 ne
1259 5871 1373 5928 coquam
1385 5853 1451 5910 vidit
1462 5868 1598 5925 unquam,

1011 5960 1100 6016 neque
1111 5945 1153 6000 rel
1166 5944 1281 6016 piscium
1295 5942 1481 5998 venditricem.

1391 6034 1416 6082 9.

1012 6150 1044 6159 -·
1057 6121 1117 6174 Non
1132 6118 1207 6174 rides
1216 6117 1329 6174 domum

1012 6207 1398 6279 Potniontsoppipnernam,³
