4084 8009
921 1500 1125 1563 canalaus.
1796 1524 1830 1574 25

223 1625 274 1683 διον
286 1627 365 1703 apud
382 1628 567 1699 selroliasten,
585 1629 738 1701 Hesychius
754 1626 844 1687 Ῥόδον
862 1650 868 1683 :
885 1631 1002 1701 Μιτυλη·

221 1721 289 1772 ναῖοι
303 1713 334 1772 τὸ
347 1717 394 1784 τῆς
406 1713 536 1792 γυναικός.
571 1792 575 1801 ι

573 1836 627 1897 γ’

261 1957 366 2016 Athen.
387 1955 431 2028 15,
451 1978 480 2034 p.
496 1956 565 2028 667,
586 1961 624 2027 Ε,
646 1956 687 2014 F:
710 1956 797 2036 ἕτερον
811 1959 834 2016 δ’
852 1961 921 2017 ἐστίν
939 1951 1003 2026 εἶδος

220 2044 325 2109 παιδιᾶς
347 2046 394 2114 τῆς
417 2045 444 2101 ἐν
464 2042 571 2121 λεκάνη.
593 2042 659 2116 αὐτη
680 2046 704 2102 δ’
727 2044 819 2112 ὐδατος
842 2051 1002 2126 πληροῦται,

220 2132 304 2188 ἐπινεῖ
313 2154 340 2189 τε
353 2131 394 2190 ἐπ’
406 2132 486 2202 αὐτῆς
499 2130 617 2211 όξύόαρα
629 2131 704 2205 κενδ,
718 2133 756 2213 ἐφ’
769 2132 785 2190 ά
803 2134 942 2211 βάλλοντες
956 2134 1003 2202 τδις

220 2216 337 2294 λάταγας
353 2220 488 2296 (scribam
503 2215 610 2289 κενά,ά
635 2220 773 2298 βάλλοντες
785 2228 842 2287 ταῖς
862 2220 1002 2299 λατάγαις)

221 2306 250 2363 ix
267 2305 420 2385 καρχησίων
440 2308 581 2385 ἐπειρῶντο
600 2307 756 2366 καταδύειν·
778 2314 898 2388 ἀνῃρεῖτο
922 2311 948 2369 δὲ
970 2310 1002 2368 cd

220 2391 347 2451 κοττάόια
367 2396 381 2451 δ
402 2393 485 2452 πλείω
506 2394 666 2462 καταδύσας.
690 2395 823 2475 Ἀμειψίας
844 2397 1002 2459 Ἀποκοττα-

220 2480 357 2549 ὐίζουσι...
375 2484 424 2560 Κρ.
440 2484 466 2540 ἐν
481 2484 553 2557 Νεμ.

257 2605 318 2691 ’Τῷ
343 2601 376 2673 δὲ
408 2603 550 2692 κοττάβῳ
580 2612 742 2701 προθέντος
770 2616 800 2677 ἐν
831 2620 1003 2704 πατρικοῒσι

887 2712 1002 2809 [νόμοις

186 2813 197 2828 ’
268 2818 306 2884 τὰ
321 2816 392 2884 κείν’
407 2814 530 2909 όξύῦαρ’
546 2820 585 2896 ὣς
606 2823 729 2905 βάλλειν
745 2824 798 2913 μὲν
811 2832 856 2905 τῷ
872 2832 972 2905 ποτῷ·

267 2929 283 2989 ό
300 2918 333 2991 δὲ
352 2928 453 3009 βαλὼν
467 2937 512 3008 τῷ
530 2924 613 3017 νόμῳ
631 2925 761 3010 πλεῖστ’,
782 2932 915 3019 εὐτυχής.

219 3061 300 3118 Libri
314 3063 415 3119 vitiose
428 3059 458 3118 τὸ
472 3060 570 3118 κεινίου
581 3064 677 3137 (quod
687 3064 766 3137 prius
776 3061 902 3120 sueritrd
912 3060 1001 3139 atiud)

218 3145 356 3227 ὀξυύάροις
367 3144 668 3228 (ὀξύύαρος,ὐξύύαφον)
684 3147 789 3226 βάλλειν
805 3146 852 3225 μέν
866 3151 904 3231 τῷ
915 3148 1003 3231 πόντῳ

219 3234 246 3293 δέ
255 3234 378 3313 βάλλοντι
386 3233 456 3310 νέμω
464 3238 576 3294 πλεῖστα
584 3233 675 3314 τύχης.
686 3238 823 3295 Dedimus
831 3241 1003 3311 verisimilia,

218 3344 281 3399 quae
289 3322 596 3399 intelligerenturfssc,
607 3331 657 3396 sic,
672 3336 750 3382 certo
762 3328 887 3401 quodam
895 3328 999 3385 modo:

217 3431 244 3468 ν.
268 3410 448 3471 Hermann.
472 3414 509 3468 ad
529 3413 627 3487 Viger.
652 3433 681 3488 p.
700 3413 766 3485 571.
796 3419 907 3472 Horum
935 3435 1001 3472 ver-

216 3517 298 3555 suum
319 3512 546 3574 asynartetorurn
575 3521 601 3557 1.
627 3515 738 3559 constat
757 3515 778 3563 t.
794 3505 824 3563 d.
839 3517 868 3561 et
878 3506 954 3562 dact.
970 3507 998 3564 d.

215 3590 376 3664 lrypercat.‚
393 3610 420 3646 a.
438 3593 512 3666 glyc.
534 3592 619 3646 catal.
642 3605 671 3648 et
693 3593 851 3662 declamo,
874 3593 901 3650 3.
926 3605 996 3649 crct.

218 3677 286 3736 dim.
302 3690 330 3733 et
340 3680 444 3735 iambo.
458 3680 565 3735 Eodem
577 3681 694 3754 respicit
703 3682 807 3740 Athen.
827 3680 874 3750 15,
886 3700 917 3755 p.
930 3681 999 3750 666,

217 3767 249 3823 G.
271 3764 410 3823 Dobraeus
423 3766 545 3823 finxerat
564 3766 594 3825 τδ
616 3766 714 3825 κεινέου
735 3766 872 3848 θίνύάφοις
894 3768 1000 3845 βάλλειν

219 3851 355 3926 μέτωπον,
372 3855 409 3929 τῷ
424 3852 450 3912 δὲ
462 3853 568 3932 βαλόντι
581 3853 653 3930 νέμω
667 3856 778 3913 πλεῖστα
790 3855 880 3934 τύχης.

594 3989 623 4040 7.

256 4080 415 4156 Stephanus
440 4083 530 4155 Byz.:
560 4079 659 4159 Ψύρα,
682 4084 757 4152 νῆσος
783 4081 864 4161 μικρίι
888 4085 1000 4156 πλησίον

173 4201 184 4217 .
217 4165 296 4238 Χίου,
309 4166 341 4238 ἣν
353 4170 367 4225 ό
378 4167 487 4239 ποιητὴς
499 4170 616 4244 (Odyss.
631 4171 659 4241 3,
676 4172 743 4246 169)
757 4170 866 4249 Ψυρίαν
887 4177 996 4235 καλεῖ...

217 4251 382 4329 λαμβάνεται
402 4253 430 4312 δέ
451 4254 481 4313 τδ
499 4255 583 4332 ὄνομα
598 4256 641 4314 ἐπὶ
662 4256 777 4335 εὐτελείᾳ
796 4258 838 4316 δεδι
853 4260 882 4317 τὸ
896 4263 999 4321 εὐτελε-

216 4342 315 4412 στάτην
333 4332 399 4400 εἶναι
423 4342 470 4413 τὴν
495 4347 584 4414 νῆσον.
608 4348 660 4421 Κρ.
681 4374 692 4395 ν
723 4348 808 4426 lll'opist
831 4349 1000 4423 (scribamus

218 4429 310 4509 Ψυρίογ
325 4451 379 4506 pro
394 4432 421 4488 έν
433 4431 543 4511 Ψυρίογ)
559 4431 602 4490 τόν
617 4431 742 4493 Διόνυσον
759 4432 897 4510 άγοντες·ν
914 4439 958 4497 καὶ
973 4442 1000 4497 ἐν

217 4520 288 4593 Nep.

264 4636 357 4728 Ψορία
379 4660 411 4701 τε
435 4642 491 4711 τὴν
508 4638 645 4731 Σπάρτην
659 4636 748 4732 άγεις.

216 4775 306 4829 Etiam
318 4773 364 4830 hic
378 4775 446 4830 libri
461 4774 559 4852 Ψορᾷ,
576 4777 625 4831 sed
642 4789 742 4853 aptum
755 4780 887 4834 cavillum
906 4779 999 4856 Ψυρία

218 4858 348 4935 ....άγεις,
362 4863 382 4918 ἰ.
393 4880 419 4920 e.
433 4864 468 4916 Et
479 4864 575 4935 Psyria
592 4864 696 4938 (quum
707 4864 763 4941 sis)
775 4867 906 4940 Spartam
920 4870 1000 4941 pellis

214 4967 264 5003 scu
273 4948 353 5023 fugas
365 4946 604 5025 Jparvamagnam
613 4947 634 5027 J.
650 4953 768 5009 Paroem.
783 4954 866 5012 Bodl.
879 4974 906 5027 p.
926 4975 997 5028 119:

215 5032 299 5112 Ψύρα
326 5033 370 5092 τὸν
391 5034 515 5094 Διόνυσον
538 5055 545 5095 ;
575 5037 632 5094 ἄντί
665 5043 710 5095 τοῦ
739 5040 830 5109 εὐτελῆ
852 5041 938 5116 (scil.
965 5048 998 5100 τὰ

215 5120 325 5200 Ψύρα).
344 5121 456 5193 νησίδιον
475 5122 525 5201 γάρ
545 5126 601 5181 ἐστι
616 5125 709 5204 μικρόν
722 5125 752 5182 τό
775 5127 876 5205 tripli,
894 5128 930 5201 μὴ
955 5131 1000 5187 δυ-

214 5207 323 5284 νάμενον
337 5199 404 5268 οἶνον
423 5213 547 5288 ἰνεγκεῑν.
561 5212 663 5290 εἴρηται
686 5214 729 5272 ἐπὶ
746 5217 797 5271 τῶν
812 5217 838 5272 ἐν
861 5221 1000 5298 συμποσίῳ

215 5296 408 5372 κατακειμένων
424 5298 468 5356 καί
497 5300 534 5375 μὴ
556 5300 693 5361 πινόντων.
732 5304 812 5359 Adde
837 5305 937 5379 fragm.
961 5310 1000 5361 in-

215 5398 283 5445 cert.
308 5405 358 5459 91.

587 5507 615 5563 8.

253 5616 352 5671 Pollux
373 5636 417 5688 ιο,
435 5637 487 5687 ¹77
504 5639 508 5671 :
532 5617 663 5695 Κρατίνου
675 5616 789 5682 εἰπόντος
805 5620 830 5676 ἐν
847 5620 915 5695 Nep.

221 5754 643 5766 ⁸-..--—-.·--—---.-.--.--....—..
672 5759 733 5764 -—-
747 5759 865 5766 ——-.......
887 5759 918 5768 -0
942 5761 957 5765 -
993 5760 1000 5765 -
1018 5759 1027 5765 ι
1048 5761 1050 5763 -
1086 5759 1125 5766 ..-

587 5840 613 5890 6.

213 5918 380 5992 Cottaboque
391 5931 572 5992 proponentes
586 5923 673 5995 patrio
687 5939 762 5979 nroro

213 6020 297 6062 vacua
312 6007 452 6063 acetabula
466 6009 504 6062 sic
517 6008 596 6067 ferire
612 6020 697 6083 potu;

212 6094 257 6165 qui
273 6092 345 6151 feriit
360 6104 450 6152 autern
464 6097 576 6168 pluntna
587 6115 619 6155 ex
631 6099 709 6170 lege,
726 6098 799 6155 [ιλιι.

588 6194 614 6242 7.

214 6271 306 6343 l‘syria
320 6273 445 6344 Spartam
458 6273 525 6344 agis.

1100 1632 1140 1702 Er
1160 1649 1206 1725 τῷ
1222 1640 1333 1729 κύφωνι
1354 1640 1405 1704 τὸν
1424 1639 1525 1732 αὐχέν’
1539 1642 1628 1734 ἔχων,
1702 1677 1705 1682 ·
1733 1668 1735 1677 ·

1050 1768 1067 1846 ἦ
1083 1798 1133 1834 που
1147 1778 1270 1853 νοητέον,
1290 1781 1325 1843 ὡς
1338 1781 1428 1843 σκεῦος
1444 1768 1476 1849 ἦν
1490 1800 1514 1835 τι
1535 1778 1735 1856 ἀγορανομικδν,
1752 1768 1830 1858 ᾧτδν

1050 1863 1149 1941 αὐχένα
1162 1864 1266 1923 ἐνθέντα
1282 1864 1332 1922 ἔδει
1344 1867 1395 1942 (ita
1405 1868 1491 1925 lllcin.
1503 1886 1557 1941 pro
1573 1865 1626 1943 δεῖ)
1642 1871 1831 1943 μαστιγοῦσθαι

1050 1951 1093 2009 τὸν
1113 1952 1172 2032 περί
1186 1953 1234 2024 τλν
1255 1952 1353 2032 ἀγοράν
1371 1958 1575 2032 κακονργοῦῖτα.
1592 1953 1639 2013 Ἐν
1653 1956 1690 2032 τῷ
1706 1953 1782 2035 κύρ,
1802 1965 1830 2011 in

1050 2045 1145 2115 lignea
1163 2046 1307 2112 castalia,
1331 2054 1363 2098 ut
1385 2045 1501 2099 Plautus
1524 2045 1603 2101 Poen.
1629 2043 1659 2118 5,
1682 2047 1712 2120 6,
1729 2045 1782 2118 ο8,
1801 2049 1831 2100 in

1049 2149 1138 2187 nervo
1153 2133 1274 2189 vinctus.

1427 2289 1457 2345 9.

1090 2386 1170 2442 ldem
1191 2406 1241 2456 ιο,
1259 2386 1313 2443 ι86
1332 2406 1338 2440 :
1354 2385 1377 2443 tl
1393 2382 1421 2442 δέ
1435 2383 1480 2441 καλ
1495 2383 1602 2460 πλέγμα
1615 2408 1641 2443 τι
1660 2384 1829 2466 σπάρτινονῆ

1050 2470 1129 2555 σάκον
1145 2471 1285 2552 σπάρτινον
1301 2472 1396 2537 ἐθέλοις
1410 2471 1511 2543 καλεῖν,
1527 2473 1650 2553 καὶπρὸς
1668 2478 1743 2532 τοῦτο
1758 2476 1830 2553 Κρα·

1049 2558 1117 2625 τῖνός
1131 2582 1171 2617 σοι
1187 2564 1288 2637 βοηθεῖ,
1303 2560 1330 2617 ἐν
1350 2560 1420 2635 Νεμ.
1432 2558 1517 2637 λέγων

1099 2687 1236 2776 Σπάρτην
1249 2689 1331 2778 λέγω
1347 2690 1402 2760 τὴν
1418 2680 1594 2778 Σπαρτιάδ,
1612 2691 1645 2753 οὐ
1660 2693 1719 2761 τὴν
1737 2714 1831 2781 σπαρ-

1721 2789 1829 2886 [rivas.

1050 2927 1148 2986 Codex
1163 2929 1300 2989 Falkenb.
1316 2929 1371 2986 Σπ.
1387 2926 1455 3002 λέγω
1467 2949 1496 3002 γε
1511 2926 1641 3004 σπαρτίδα
1658 2928 1705 2997 τὴν
1720 2928 1831 3007 απάρτι·

1050 3036 1107 3087 νον,
1136 3018 1184 3072 alii
1211 3016 1266 3074 Σπ.
1299 3013 1326 3071 δὲ
1353 3012 1439 3090 λέγω,
1460 3017 1504 3070 vel
1531 3015 1585 3073 Σπ.
1613 3015 1636 3071 δ’
1658 3014 1759 3089 ἀλίγον,
1787 3017 1832 3073 καὶ

1050 3124 1147 3180 σπαρτ.
1168 3117 1223 3161 etc.
1239 3105 1315 3161 lllud
1335 3100 1364 3179 γὲ
1382 3116 1478 3160 ortum
1489 3105 1604 3160 videtur
1616 3123 1651 3160 ex
1667 3102 1710 3173 τέ,
1733 3118 1761 3161 et
1776 3109 1831 3163 lroc

1049 3211 1137 3266 porro
1156 3212 1190 3248 ex
1203 3194 1236 3260 τῆ
1254 3188 1339 3270 (τὴν).
1359 3192 1434 3249 Bene
1449 3194 1535 3266 igitur
1552 3194 1639 3251 Mein.
1654 3193 1786 3267 pridem,
1801 3206 1831 3248 ιιι

1048 3300 1116 3350 nos,
1141 3282 1205 3354 qui,
1226 3282 1395 3353 «Nemesis,
1424 3282 1532 3353 inquit,
1559 3282 1664 3336 emetis
1688 3282 1832 3337 mensibus

1048 3369 1123 3445 parit
1137 3389 1239 3438 ovum,
1255 3368 1350 3444 quod,
1361 3366 1595 3424 Lacedaemonem
1605 3366 1735 3436 allatum,
1749 3369 1831 3425 Ledae

1049 3459 1255 3513 excludendum
1274 3456 1404 3512 traditur.
1428 3457 1470 3511 Ex
1488 3457 1540 3511 lrac
1556 3455 1658 3510 fabulae
1673 3466 1752 3528 parte
1773 3456 1831 3512 sor-

1049 3557 1119 3603 tasse
1137 3547 1235 3620 fragm.
1251 3567 1270 3621 9
1286 3545 1484 3619 desumptum,
1506 3541 1632 3620 Σπάρτην
1650 3540 1698 3611 τὴν
1718 3543 1831 3620 carpti·
1877 3593 1879 3598 .

1048 3656 1109 3703 νην,
1127 3654 1190 3710 quae
1203 3636 1328 3691 Nemesis
1345 3635 1451 3689 aliusve
1470 3652 1598 3708 personae
1618 3633 1654 3688 ad
1674 3635 1830 3689 ministrum

1047 3723 1136 3779 verba
1160 3741 1218 3780 esse
1241 3721 1416 3798 suspicabar,
1437 3722 1486 3795 qui
1508 3740 1595 3794 quum
1610 3722 1741 3797 Spartam
1760 3723 1830 3776 illud

1049 3832 1135 3869 ovum
1156 3823 1272 3887 portare
1290 3812 1447 3884 juberetur,
1472 3813 1570 3867 innata
1592 3811 1660 3866 huic
1684 3811 1830 3865 hominum

1047 3904 1143 3977 generi
1155 3903 1324 3959 scurrilitate
1343 3920 1402 3957 uon
1422 3901 1564 3973 dambe,
1582 3900 1629 3957 sed
1647 3900 1683 3956 de
1703 3899 1830 3956 funiculo

1049 3992 1191 4064 spartino,
1206 4010 1235 4047 se
1251 3991 1407 4065 intelligere
1424 3991 1579 4045 simularet.
1597 4014 1609 4039 ν

1416 4122 1461 4159 10.

1087 4211 1163 4269 Plut.
1187 4215 1239 4270 Vit.
1261 4215 1377 4270 Periclis
1406 4235 1433 4272 c.
1460 4214 1494 4285 3,
1516 4225 1667 4291 postquam
1688 4216 1829 4283 narravit,

1048 4303 1184 4359 Periclem
1205 4304 1243 4358 ob
1268 4304 1380 4379 longius
1405 4314 1490 4380 caput
1511 4304 1624 4362 irrisum
1644 4321 1717 4374 esse,
1735 4304 1787 4360 τῶν
1803 4304 1829 4361 δὲ

1049 4392 1192 4466 Κωμικῶν,
1210 4393 1321 4466 inquit,
1343 4393 1358 4448 δ
1377 4389 1424 4466 μέν
1447 4392 1497 4469 Κρ.
1514 4391 1541 4448 έν
1561 4389 1677 4469 Χείρωσι
1693 4390 1741 4469 (fr.
1759 4391 1828 4469 3)...

1047 4476 1093 4535 καλ
1111 4477 1190 4535 πάλιν
1205 4479 1232 4535 έν
1246 4480 1317 4553 Νεμ.

1096 4603 1189 4683 αἰόλ’,
1205 4598 1230 4665 ὦ
1244 4604 1302 4667 Ζεῦ
1315 4596 1391 4677 ξένιε
1407 4601 1458 4665 καὶ
1471 4602 1595 4695 Kapria.

1050 4738 1152 4815 Καραῑε
1169 4738 1325 4793 licinckius
1337 4756 1394 4793 sec.
1413 4737 1602 4811 llcsyehium,
1620 4738 1736 4814 Καραῑος
1748 4735 1827 4803 Ζεύςε

1047 4824 1119 4904 παρὰ
1143 4828 1265 4890 Βοιωτοῖς
1287 4823 1355 4882 olea
1383 4848 1403 4881 π
1421 4823 1618 4904 οσαγορεύεται,
1641 4827 1675 4890 ὼς
1696 4823 1742 4900 μέν
1763 4825 1829 4892 τινές

1046 4937 1142 4993 φασιν,
1170 4911 1257 4972 διὰτὸ
1276 4916 1296 4970 ὐ·
1323 4913 1374 4985 ,λδν
1388 4847 1472 4989 tiras,
1488 4911 1540 4970 άπδ
1562 4916 1608 4971 τοῦ
1630 4912 1711 4991 κάρα.
1734 4916 1827 4972 Codd.

1047 5006 1082 5059 ll.
1094 5006 1229 5079 Stephani
1242 5027 1270 5077 μ.
1284 5026 1306 5058 ιο
1322 5004 1364 5070 ζεῦ
1383 5000 1489 5079 μέγιστε
1507 5000 1552 5060 καί
1568 5000 1657 5080 κάριε,
1677 5005 1723 5058 alii
1741 5002 1829 5078 μακά-

1047 5114 1099 5169 ριε,
1117 5094 1222 5167 quibus
1236 5111 1323 5166 quum
1339 5090 1411 5164 μάλα
1424 5103 1453 5147 ct
1465 5090 1551 5166 μέγα,
1564 5093 1740 5165 similiaque,
1761 5111 1829 5166 pcr-

1045 5182 1157 5236 misecri
1168 5182 1276 5235 soleant
1290 5198 1305 5234 a
1320 5179 1441 5234 librariis
1455 5190 1484 5234 ct
1502 5177 1547 5234 καί
1562 5178 1644 5233 facile
1657 5188 1753 5232 natum
1768 5178 1829 5232 fuc-

1045 5271 1082 5323 rit
1099 5288 1177 5324 οκακ
1187 5269 1292 5341 syllaba
1306 5268 1416 5334 vicina,
1432 5266 1550 5322 sortasse
1564 5264 1739 5341 significatur
1755 5252 1776 5319 ὦ
1796 5265 1826 5322 Ζ.

1045 5353 1067 5422 ξ.
1082 5356 1127 5412 καὶ
1142 5354 1217 5430 μάλα
1236 5353 1325 5432 κάριε,
1349 5354 1483 5429 ambigua
1498 5355 1559 5425 illa,
1581 5353 1720 5428 siquidem
1741 5349 1829 5428 κάριος

1044 5446 1161 5520 intelligi
1180 5455 1271 5519 potest
1296 5444 1361 5512 Car,
1381 5442 1622 5516 quemadmodum
1638 5440 1744 5494 dicitur
1765 5436 1829 5501 Ζεὺς

1044 5532 1147 5609 καίριος,
1166 5544 1195 5588 ct
1212 5539 1306 5607 capito
1327 5534 1472 5587 anominc
1492 5527 1571 5606 κάρα.
1591 5530 1739 5585 βασανίσαι
1756 5528 1825 5582 intc-

1043 5622 1167 5696 giavcris
1186 5623 1322 5696 repetito,
1346 5633 1377 5676 ut
1402 5623 1472 5675 solet
1496 5618 1596 5693 repeti·
1612 5618 1641 5669 in
1663 5613 1828 5686 hujusmodi

1131 5758 1431 5767 --———-—--—-..-.0.....
1453 5758 1506 5763 .---
1518 5753 1701 5762 -4,--.-...-.
1726 5752 1779 5758 --
1807 5751 1809 5755 .

1419 5840 1445 5887 8.

1046 5926 1077 5979 ln
1088 5925 1162 5996 ligno
1174 5924 1305 5981 cervicem
1318 5922 1430 5979 habens.

1425 6014 1451 6062 9.

1045 6103 1169 6172 Spartam
1181 6099 1243 6156 dieo
1253 6101 1434 6171 Spartanam,
1448 6110 1504 6151 ιιοιι
1518 6093 1611 6152 sunem
1622 6103 1770 6166 sparte-tun.

1418 6188 1457 6237 10.

1048 6274 1131 6341 l'adc,
1144 6291 1159 6327 o
1172 6273 1295 6346 luppiter
1310 6271 1449 6344 hospitalis
1464 6278 1491 6328 ct
1502 6274 1594 6328 Carne
1609 6268 1670 6333 (ccl
1681 6268 1767 6338 capulo
1777 6270 1795 6333 ).
