4084 8009
950 1450 1101 1512 1111111.
1209 1532 1211 1537 ¹

250 1583 303 1644 Διά
316 1586 361 1654 τῆς
376 1584 471 1663 ἀγορᾶς
485 1581 595 1663 τρίχων,
610 1580 780 1660 ἀναρίστητος
792 1579 839 1640 ὧν.

211 1695 274 1757 ’Ab
291 1698 358 1755 Κατ.

260 1810 385 1887 Πάντως
398 1808 594 1902 ἀναρίστητος
608 1813 641 1874 οὐ
654 1800 821 1899 δυνήσομαι

259 1910 495 2008 διακαρτερῆσαι
508 1915 695 1989 τηλικαύτην
710 1916 836 2006 ἡμέραν.

411 2042 516 2101 CXIX.
538 2041 797 2101 ΤΡΑΥΜΑΤΙΑΣ.

589 2174 614 2211 1.

251 2267 378 2325 Stoboeus
391 2267 489 2323 Floril.
507 2284 573 2341 119,
591 2265 636 2338 15,
650 2283 715 2322 cum
727 2266 858 2322 lemmate
873 2260 998 2331 Ἀλέξιδος

211 2356 242 2413 ia
254 2352 438 2435 Τραυματίου.

227 2433 235 2452 ·
309 2508 358 2520 -
371 2469 431 2537 Τὸν
446 2466 504 2562 γὰρ
519 2472 650 2535 ύστατον

260 2577 375 2668 τρέχων
389 2568 512 2643 δίαυλον
527 2586 580 2641 τοῦ
596 2573 657 2660 βίου
668 2570 721 2654 ζῆν
738 2577 897 2665 βούλομαι.

590 2720 620 2761 α.

250 2816 356 2875 Athen.
378 2814 430 2886 13,
447 2835 477 2890 p.
503 2813 577 2887 561,
593 2816 636 2886 F,
657 2825 724 2889 post
749 2811 935 2889 Theophrasti
952 2815 999 2871 lo·

211 2923 277 2961 cum
291 2905 453 2979 appositum
464 2905 503 2959 sic
517 2906 612 2979 pergit
627 2923 634 2960 ε
648 2905 662 2961 ό
676 2902 700 2958 δ’
712 2900 789 2969 αὐτὸς
800 2891 874 2968 οὗτος
889 2900 999 2973 ποιητὴς

210 2989 257 3049 καί
269 2989 329 3069 περὶ
341 2993 395 3050 τῶν
410 2988 527 3071 ίριθντων
538 2990 566 3048 ἕν
576 2992 613 3071 τῷ
624 2986 826 3071 ἐπιγραρομίνῳ
837 2988 998 3069 Τραυματίᾳ

210 3077 290 3159 ρησδν
304 3076 402 3151 ούτως,

259 3193 314 3273 Τίς
328 3192 396 3285 οὐχὶ
409 3196 496 3285 priori
515 3194 583 3269 τοὺς
596 3195 724 3286 ἐρῶντας
738 3188 791 3273 ζῆν
808 3193 931 3284 μόνους,

260 3291 352 3364 οἰδεῖ
366 3323 402 3391 γε
416 3305 533 3390 πρῶτον
553 3300 606 3389 μὲν
621 3296 938 3391 στρατευτικωτάτους

260 3399 354 3489 εἶναι,
371 3411 470 3469 πονεῖν
486 3430 521 3470 τε
531 3396 710 3496 δυναμένους
721 3410 788 3481 τοῖς
804 3406 926 3495 σώμασι

259 3507 413 3600 μάλιστα,
426 3502 628 3601 προσεδρεύειν
643 3516 672 3576 τ’
689 3508 827 3602 ἀρίστους
842 3516 888 3595 τῷ
902 3507 997 3593 πόθῳ,

212 3612 234 3682 5
260 3616 453 3701 ποιητικοὺς,
474 3613 617 3707 ἰταμοὺς,
633 3615 814 3707 προθύμους,
832 3613 985 3706 εὐπόρους,

260 3725 289 3787 ἐν
303 3715 332 3787 δ’
348 3720 485 3815 ἀπορίαις
501 3725 670 3807 βλέποντας
685 3721 727 3800 είς
742 3721 949 3814 ἀθλιωτέρους.

214 3874 226 3901 ε
242 3851 355 3907 Αίοτίόῖ
369 3852 421 3908 bos
436 3870 533 3907 versus
546 3852 692 3907 vindicare
710 3863 828 3907 conanus
845 3870 907 3906 sum
929 3850 1000 3910 illst.

211 3940 276 3997 crit.
296 3938 377 3998 Com.
397 3958 429 4013 p.
451 3937 508 4013 519
521 3958 596 4013 sqq.,
614 3951 682 3997 etv.
697 3959 713 3996 a
739 3940 762 3995 sl
776 3939 814 3996 δεῖ
828 3940 927 4014 scripsi
947 3959 1001 4014 pro

210 4024 264 4084 ίδει
272 4070 282 4100 ,
298 4027 378 4101 quod
392 4028 450 4084 fere
465 4028 618 4084 ostendunt
636 4029 722 4085 codd.
738 4029 785 4084 Sic
804 4029 889 4083 etiam
908 4028 1000 4088 Dobr.

211 4114 283 4170 Cod.
298 4110 374 4179 [ιοθς
384 4112 433 4173 δεῖ.
451 4139 464 4163 »
478 4116 510 4170 Ε
515 4117 561 4171 Μ.
580 4117 677 4172 Primo
691 4134 772 4172 versu
781 4116 877 4171 malim
892 4132 900 4172 t

259 4226 313 4306 Τίς
331 4228 400 4306 τοὺς
416 4232 544 4323 ἐρῶντας
558 4228 626 4319 οὐχὶ
641 4232 730 4321 pilosi
745 4224 799 4309 ζῆν
815 4229 927 4321 μόνους.

213 4354 251 4411 V.
278 4354 295 4412 5
319 4358 405 4413 Mein.
421 4358 539 4431 conjicit
556 4354 700 4427 νοητικούς.
721 4359 756 4415 V.
776 4357 793 4412 6
810 4359 897 4433 vulgo
909 4357 935 4414 ἐν
950 4353 1003 4420 τοῖς

212 4441 322 4522 ἀπόροις
333 4440 492 4522 βλίποντας,
507 4444 696 4518 ἀθλιωτάτους,
711 4448 739 4501 in
752 4446 856 4520 quibus
870 4457 897 4502 et
909 4445 1004 4519 displi-

213 4543 258 4589 cet
269 4535 299 4589 in
315 4534 387 4590 thesi
400 4535 490 4591 latens
502 4531 609 4612 ἀπόροις
620 4547 649 4591 ct
659 4537 751 4610 prima
762 4536 842 4591 vocis
857 4534 914 4590 ἀθλ.
933 4553 1002 4609 pro·

213 4620 310 4677 ducta.
326 4619 359 4678 Δ’
381 4632 446 4677 ante
471 4620 606 4680 sisimile
628 4622 700 4679 forte
720 4624 881 4697 neglectum
904 4623 1002 4697 luerit,

213 4709 342 4781 quamvis
357 4711 502 4765 sententias
523 4722 686 4785 peraptum.
702 4715 745 4768 De
759 4713 958 4789 comparativis
976 4725 1005 4771 et

212 4797 390 4869 superlativis
412 4800 580 4853 commutari
596 4801 689 4855 solitis
707 4820 736 4857 v.
753 4819 818 4859 ann.
839 4802 877 4858 ad
902 4804 1001 4877 Eurip.

212 4883 313 4957 Suppl.
331 4902 417 4956 ¹⁰²7·
433 4886 578 4941 Sententia
592 4888 674 4942 simili
685 4899 770 4961 pocta
781 4892 883 4946 latinus
892 4931 901 4960 ,
911 4949 937 4978 a.

253 4980 385 5037 Solamen
400 4983 508 5038 mueris
523 4985 615 5038 socios
628 4983 758 5043 habuisse
769 4989 921 5045 malorum.
935 4982 939 4990 ’
955 4983 959 4992 ’

594 5155 610 5205 t

215 5244 328 5299 Prorsus
341 5242 399 5300 sine
408 5244 545 5317 jentaculo
556 5244 704 5319 perdurare

214 5342 270 5385 non
283 5339 376 5401 potero
390 5339 445 5389 tam
458 5332 566 5406 longam
577 5332 660 5392 diem.

523 5448 688 5506 sauctus,

596 5569 621 5619 1.

255 5689 286 5699 -
299 5659 435 5717 Ultimum
449 5664 522 5720 cuim

215 5742 339 5801 diaulum
351 5748 439 5804 sends
447 5749 578 5807 emetieus
591 5751 652 5807 volo
665 5752 761 5809 vivere.

593 5855 619 5904 2.

252 5938 320 6009 Quis
330 5938 442 6012 negabit
455 5940 529 5998 solos
538 5943 627 6000 vivere
637 5953 771 6012 amantes,

250 6023 385 6096 siquidem
398 6041 444 6084 eos
453 6028 573 6101 primum
587 6038 693 6103 oportet
706 6030 924 6088 bellicosissimos

251 6124 327 6174 esse,
338 6111 544 6185 plurimumque
554 6114 703 6173 laboriosos
718 6118 894 6190 corporibus,

251 6202 278 6250 ct
290 6195 324 6253 ad
336 6196 522 6256 insidiandum
534 6202 653 6275 optimos
665 6211 774 6275 propter
785 6203 959 6277 cupidinem,

215 6289 231 6340 ο
251 6284 387 6356 poeticos,
402 6286 533 6359 audaces,
549 6299 704 6363 promptos,
719 6292 823 6350 consilii
841 6292 947 6363 plenos,

1772 1464 1828 1513 569

1265 1579 1352 1640 CXX.
1374 1579 1611 1641 Tmoutuoa.

1084 1749 1187 1808 Athen.
1207 1765 1254 1823 ιο,
1263 1767 1294 1822 p.
1309 1756 1379 1819 417,
1390 1749 1428 1819 E,
1440 1749 1477 1805 de
1490 1749 1664 1807 Boeotiorum
1677 1753 1832 1808 voracitate

1043 1848 1194 1912 poetarum
1205 1838 1364 1893 testimonia
1378 1836 1498 1893 afferens
1511 1856 1518 1893 :
1532 1831 1590 1895 Ἀλ.
1604 1836 1767 1917 Τρορωνίῳ,

1093 1975 1139 1987 -
1159 1946 1222 2003 Νῦν
1237 1928 1284 2020 δ’,
1298 1938 1348 2001 ἵνα
1362 1939 1402 2027 μὴ
1417 1943 1573 2015 παντελῶς
1593 1941 1729 2004 Βοιώτιοι

1093 2040 1228 2133 φαίνησθ’
1251 2036 1326 2107 εἶναι
1345 2048 1413 2118 τοῖς
1432 2036 1586 2134 διασύρειν
1604 2048 1682 2135 ὑμαῖς
1703 2042 1830 2136 εἰθισμλ-

1750 2174 1829 2235 νοις,

1091 2256 1131 2329 ὡς
1143 2249 1302 2338 ,ἀκίνητοι
1314 2262 1393 2338 νοῦν,
1402 2251 1469 2344 ἀμα
1481 2254 1553 2338 βοοῖν
1563 2251 1616 2320 καὶ
1624 2251 1718 2321 πίνειν
1729 2254 1829 2346 μόνον,

1092 2358 1146 2425 καὶ
1169 2354 1311 2444 δειπνεῖν,
1344 2359 1539 2451 ἐπισπόμενοι
1568 2354 1621 2426 διὰ
1645 2363 1750 2438 τέλους
1776 2365 1831 2435 τὴν

1641 2467 1723 2557 νύχθ’
1742 2470 1830 2552 όλην,

1046 2566 1065 2637 5
1092 2571 1230 2664 γυμνοῦθ’
1246 2571 1354 2648 αὑτοὺς
1362 2571 1469 2638 θᾶττον
1483 2569 1628 2649 ἀπαντεςέ

1044 2717 1134 2772 Versu
1156 2714 1172 2772 3
1197 2716 1333 2773 mendose
1349 2717 1417 2772 libri
1430 2718 1475 2772 νῦν
1492 2735 1548 2792 pro
1562 2719 1634 2787 νοῦν,
1654 2720 1728 2776 sicut
1745 2722 1831 2777 etiam

1044 2805 1113 2860 alias
1123 2824 1164 2874 ου,
1180 2825 1246 2875 υ,ω,
1257 2805 1404 2878 etsimilia,
1417 2804 1534 2861 confusa
1545 2808 1728 2881 reperiuntur
1737 2809 1768 2863 in
1780 2828 1831 2865 co·

1045 2892 1167 2949 dicibus.
1178 2893 1313 2967 Virgilius
1322 2893 1386 2949 AEn.
1402 2898 1431 2960 l,
1449 2899 1506 2968 449
1518 2910 1526 2951 :
1540 2912 1617 2949 mens
1631 2900 1747 2952 immoto
1767 2915 1831 2952 ma-

1045 2992 1099 3036 net.
1110 2981 1219 3037 Deinde
1238 2980 1325 3037 iidem
1338 2967 1405 3036 alsus
1418 3000 1473 3056 pro
1485 2978 1557 3056 ἅμα,
1573 2982 1610 3038 de
1628 3001 1687 3057 quo
1705 2984 1743 3043 ci.
1763 3003 1829 3041 ann.

1046 3068 1083 3124 ad
1096 3069 1187 3126 Thus.
1209 3067 1237 3144 3,
1258 3068 1305 3127 38.
1327 3065 1417 3127 niven
1432 3070 1552 3126 Casaub.
1569 3089 1624 3146 pro
1638 3078 1735 3141 πονεῖν,
1752 3073 1831 3148 quod

1045 3157 1180 3216 alienum.
1196 3160 1231 3214 V.
1249 3154 1321 3222 tut
1335 3154 1422 3220 πίλους
1434 3175 1450 3213 ε
1461 3157 1526 3213 cod.
1541 3159 1576 3229 B;
1589 3162 1676 3215 ceteri
1691 3156 1734 3217 διδ
1747 3158 1829 3227 τέλος.

1045 3246 1077 3300 V.
1090 3244 1107 3302 5
1119 3271 1129 3295 ι
1144 3247 1231 3320 pallia
1244 3245 1384 3318 jubentur
1396 3246 1539 3321 deponere
1552 3249 1670 3318 licentii,
1682 3267 1717 3305 ex
1730 3250 1834 3323 quibus

1046 3346 1159 3390 constat
1167 3335 1295 3405 Chorus,
1309 3354 1367 3410 quo
1382 3335 1537 3391 habiliores
1547 3338 1602 3393 sint
1612 3338 1649 3394 ad
1662 3338 1832 3394 saltandum.

1044 3424 1132 3478 Arist.
1144 3422 1267 3480 Acharn.
1281 3419 1338 3496 592
1352 3442 1358 3476 ε
1376 3420 1434 3478 ἀλλ’
1446 3418 1585 3489 ἀποδύντες
1598 3430 1650 3490 τοῖς
1664 3420 1834 3489 ἀναπαίστοις

1047 3506 1172 3583 ίπίωμεν.
1188 3510 1232 3564 lbi
1245 3509 1336 3569 schol.
1356 3529 1363 3564 ε
1385 3506 1603 3579 inclinaturis
1619 3508 1710 3576 ἔξωθεν
1723 3509 1832 3584 στολὴν,

1045 3593 1088 3652 isa
1101 3594 1209 3662 εὐτόνως
1217 3593 1346 3674 χοριύωσι
1357 3593 1403 3653 καί
1417 3595 1620 3676 εὖστροριθτεροι
1634 3585 1693 3658 θύοι.
1705 3600 1782 3657 idem
1796 3601 1834 3657 sd

1047 3689 1112 3745 Pac.
1129 3686 1186 3761 693
1203 3706 1209 3741 :
1227 3683 1324 3762 γυμνδν
1338 3683 1390 3765 γὰρ
1402 3689 1519 3742 ποιοῦσιν
1535 3686 1559 3743 ol
1573 3684 1685 3759 κωμικοί
1699 3684 1744 3745 τὸν
1755 3686 1834 3768 χορδν

1047 3772 1106 3845 ἀεὶ,
1123 3771 1167 3831 ἵνα
1186 3775 1308 3851 όρχῆται.
1324 3772 1407 3831 Plato
1422 3776 1533 3833 Menex.
1548 3794 1579 3851 p.
1596 3775 1664 3846 365,
1681 3790 1836 3836 annotante

1048 3864 1175 3918 Porsono
1195 3862 1330 3937 Append.
1351 3863 1387 3919 ad
1402 3864 1507 3939 Toupii
1520 3865 1675 3942 Emend.p
1710 3869 1767 3943 498
1789 3866 1837 3929 :sl

1049 3971 1082 4026 με
1096 3947 1209 4017 κελεύεις
1223 3947 1355 4010 ἀποδύντα
1366 3948 1542 4030 ὀρχήσασθαι.
1558 3978 1571 4003 n
1585 3954 1611 4009 E
1622 3956 1667 4013 Μ.

1430 4111 1455 4147 2.

1087 4220 1168 4277 idem
1184 4220 1214 4290 6,
1232 4238 1263 4295 p.
1280 4226 1356 4290 ait,
1374 4220 1397 4277 C
1419 4240 1426 4275 ε
1449 4217 1605 4297 Μοσχίωνος
1619 4220 1648 4279 δί
1662 4244 1730 4288 τινος
1744 4245 1834 4301 παρα-

1049 4303 1121 4362 σίτου
1137 4304 1305 4382 μνημονεύων
1318 4300 1377 4365 'Alb
1389 4306 1415 4362 όν
1427 4308 1532 4386 Τρομ,
1546 4308 1743 4384 παραμασήτην
1757 4310 1834 4368 αὐτὸν

1050 4393 1076 4450 ἐν
1097 4391 1197 4459 τούτοις
1212 4392 1303 4451 καλεῖ·

1146 4564 1195 4575 -—-
1218 4521 1317 4591 Eid’d
1341 4522 1497 4618 Μοσχίων,

1098 4673 1114 4733 ό
1127 4668 1351 4759 παραμασήτης
1371 4668 1400 4729 ἐν
1417 4668 1535 4756 βροτοῖς
1549 4659 1730 4757 αὐδώμενος.

1050 4806 1092 4864 Cf.
1105 4808 1218 4864 Tarent.
1234 4811 1262 4874 4,
1274 4802 1303 4862 8.
1315 4805 1387 4860 Sane
1400 4803 1489 4878 magis
1497 4804 1617 4879 analoga
1625 4806 1739 4861 videtur
1746 4805 1836 4861 sonna

1050 4891 1261 4970 παραμασήτης,
1277 4892 1328 4948 sed
1337 4893 1408 4948 nihil
1423 4891 1543 4951 definio.
1556 4896 1771 4952 DeMoschione
1782 4916 1835 4971 pa-

1051 4985 1136 5038 rasito
1149 4982 1242 5038 Mein..
1251 4981 1320 5035 citat
1332 4981 1436 5038 Athen.
1452 4998 1483 5054 9,
1494 5000 1523 5055 p.
1537 4980 1607 5051 382,
1623 4985 1657 5038 D.

1088 5155 1115 5204 st
1127 5147 1157 5203 in
1167 5145 1376 5204 difficultatibus
1388 5147 1561 5220 respicientes
1570 5147 1606 5205 ad
1617 5147 1788 5206 infeliciores.
1806 5106 1828 5115 -

1321 5298 1563 5357 TROPHONIUS.

1431 5443 1455 5493 1.

1086 5551 1167 5605 Nunc
1177 5563 1257 5614 vero,
1272 5564 1306 5605 ne
1318 5564 1430 5621 prorsus
1442 5549 1540 5607 Boeotii
1550 5550 1605 5606 illis

1085 5651 1145 5692 esse
1154 5634 1299 5692 videamini
1309 5677 1317 5703 ‚
1328 5637 1374 5708 qui
1384 5638 1563 5709 perstringere
1575 5653 1622 5695 vos
1635 5639 1738 5704 solent,

1087 5724 1183 5796 quasi,
1196 5724 1312 5782 consilio
1323 5725 1454 5791 immoto,
1467 5724 1536 5781 nibil
1549 5725 1640 5782 scistis
1659 5736 1836 5801 preterquam
1858 5729 1862 5736 '

1459 5811 1560 5880 [simul
1570 5812 1686 5871 damase
1697 5824 1725 5873 et
1738 5816 1836 5878 bibere.

1087 5902 1169 5967 atque
1180 5894 1284 5968 epulari
1298 5912 1346 5968 per
1359 5905 1581 5967 mammetem,

1088 5992 1175 6039 vestes
1190 5984 1267 6039 ocius
1278 5985 1370 6041 cuncti
1379 5987 1482 6043 exuite!

1431 6105 1457 6154 2.

1090 6238 1123 6249 --
1135 6208 1239 6266 Deinde
1247 6208 1406 6279 Moschion,

1052 6310 1133 6366 quom
1146 6295 1295 6368 parasitum
1308 6298 1435 6358 mortales
1448 6306 1553 6356 vocant.
