4084 8009
909 1495 1133 1558 sostPtTdu.

213 1647 245 1701 V.
265 1642 379 1716 evulgo
394 1635 484 1702 αὐτόν.
501 1642 533 1697 V.
552 1637 660 1694 5malo
679 1638 727 1692 τοῦ
748 1634 770 1691 δ’
793 1632 823 1689 ἂν
843 1652 909 1707 μσσ.
927 1626 995 1689 V.6

212 1730 294 1808 ἡδονῇ
309 1727 468 1802 Schweigh.
485 1744 539 1801 pro
554 1721 663 1793 ἡδονήν.

508 1992 695 2054 txxxvtll.

472 2120 731 2194 sosanTER.

256 2300 268 2324 ο
285 2276 320 2330 ln
337 2272 419 2344 hujus
432 2270 543 2329 Comici
559 2268 718 2344 fragmento
733 2283 748 2321 e
764 2260 995 2341 Καταψευδομένῳ

213 2368 453 2418 commemoratur
471 2357 624 2415 Charisdes
642 2372 770 2428 coquus,
791 2351 828 2407 de
851 2369 909 2424 quo
935 2362 995 2408 tan·

212 2468 298 2524 quam
312 2458 427 2504 mortuo
439 2446 569 2519 loquitur
577 2444 718 2518 Euphron
727 2441 830 2497 Athen.
842 2457 872 2513 9,
883 2457 913 2513 p.
924 2438 994 2514 379,

211 2539 254 2594 C:
270 2539 360 2612 igitur
376 2535 532 2609 Euphrone
543 2533 630 2607 paulo
647 2530 813 2605 antiquior,
829 2536 858 2581 et
877 2527 995 2583 fortasse

211 2625 311 2681 mediae
324 2622 471 2680 cornoediae
485 2631 573 2696 poete
589 2619 644 2675 fuit
659 2619 821 2692 Sosipater,
836 2634 923 2691 quern
936 2633 995 2670 non

212 2712 381 2768 diversuma
397 2705 643 2784 Sopatropsrodo
656 2704 778 2781 putebat
795 2703 954 2777 Schweigh.
978 2727 990 2752 ε

210 2802 236 2854 Ε
245 2801 289 2856 Μ.

405 2914 795 2977 ΚΑΤΑΨΕΥΔΟΜΕΝΟΣ.

251 3058 355 3115 Athen.
374 3075 405 3131 9,
420 3074 451 3130 p.
469 3055 544 3129 377,
563 3056 586 3111 F
608 3074 616 3110 ι
636 3052 718 3130 μέγας
732 3053 755 3111 δ’
771 3050 828 3109 issi
851 3047 994 3125 σοφιστὴς,

212 3144 258 3203 καὶ
279 3141 351 3201 οὐδὲν
375 3142 464 3214 ἥττων
485 3143 538 3200 τῶν
560 3142 657 3221 ἰατρῶν
677 3144 713 3207 εἰς
727 3138 891 3209 ἀλαζονείαν,
913 3137 959 3194 καί
982 3140 996 3196 ό

201 3228 285 3309 >oapi
301 3229 471 3310 Σωσιπάτρῳ
493 3230 617 3308 μάγειρος
632 3230 659 3287 έν
684 3224 932 3307 Καταψευδομένῳ,
951 3225 996 3284 λέ·

210 3318 367 3397 γωνοίίτως,

286 3444 317 3483 α.
334 3421 379 3485 Οὐ
395 3424 551 3494 παντελῶς
563 3416 816 3510 εὐκαταφρόνητος
831 3420 849 3487 ἡ
865 3416 980 3507 τέχνη,

285 3518 321 3588 ἃν
337 3526 544 3617 κατανοήσῃς,
564 3520 645 3589 έστὶν
657 3526 755 3613 ἡμῶν,
771 3522 910 3612 Δημυλε,
965 3515 969 3521 ’

285 3627 368 3695 άλλίι
394 3631 548 3695 πέπλυται
573 3628 609 3693 τὸ
641 3630 790 3720 πρᾶγμα,
817 3624 868 3691 καί
885 3625 995 3702 πάντες

886 3723 994 3825 σχεδὸν

286 3831 360 3903 εἰναι
383 3836 520 3929 μάγειροί
535 3860 640 3928 ρασιν,
662 3828 894 3922 οὐδένἐἰδότες,

239 3938 259 4012 5
284 3944 343 4009 ιἰπὸ
359 3950 419 4008 τῶν
432 3944 575 4008 τοιούτων
587 3934 617 4007 δ’
632 3947 651 4014 ἡ
668 3945 758 4036 τέχνη
773 3941 965 4034 λυμαίνεται·

286 4048 354 4115 ἐπεὶ
366 4098 376 4129 ,
389 4049 527 4142 μάγειρον
537 4048 587 4115 ἐὰν
597 4041 694 4142 λάβῃς
709 4049 859 4127 ἀληθινὸν,

286 4156 321 4219 έκ
334 4145 443 4230 παιδὸς
464 4154 554 4246 ὀρθῶς
570 4154 611 4232 εἰς
624 4153 661 4220 τό
675 4159 791 4247 πρᾶγμ’
809 4153 992 4246 εἰσηγμένον,

284 4253 301 4288 ⁴¹
314 4256 365 4324 καὶ
380 4257 434 4337 τὰς
448 4250 589 4350 δυνάμεις
604 4261 776 4349 κατέχοντα
791 4257 844 4323 καί
859 4255 898 4322 τὰ
912 4251 996 4348 *pot-

876 4362 996 4453 θὴματα

229 4542 234 4549 ,
286 4465 397 4535 ἅπαντ’
413 4466 515 4562 ἐφεξῆς
532 4462 635 4554 εἰδόθ’,
652 4469 752 4561 έτερόν
766 4493 813 4534 σοι
823 4469 915 4560 τυχὸν

219 4597 260 4641 ιο
286 4576 452 4664 φανήσεται
467 4575 503 4641 τὸ
518 4579 654 4667 πρᾶγμα.
668 4581 752 4669 Τρεῖς
764 4580 850 4666 ἡμεῖς
868 4575 914 4639 ἔτι

286 4681 375 4771 ἰσμίν
389 4679 562 4765 ἐπίλοιποι,
579 4672 718 4759 Βοιδίων,
734 4679 785 4746 καὶ
799 4671 968 4771 Χαριάδης,

513 4862 685 4918 mendox.

266 4961 292 5001 s.
307 4947 369 5002 Nou
383 4962 494 5019 prorsus
507 4946 706 5005 contemnende
720 4954 761 5002 est
774 4962 818 5002 ars

267 5041 375 5101 nostre,
386 5034 410 5089 si
421 5033 571 5107 expendas,
586 5033 714 5107 Demyle;

267 5118 314 5176 sed
328 5119 454 5193 culpatur
469 5137 512 5178 res
526 5163 532 5189 ,
544 5135 694 5191 omnesque
705 5123 902 5192 propemodum

266 5222 368 5277 coques
381 5208 457 5263 aium
467 5223 496 5264 se
510 5223 586 5273 esse,
603 5204 766 5277 quumnihil
778 5204 875 5272 scient,

231 5299 247 5346 t
266 5299 293 5348 et
304 5290 434 5363 ejusmodi
446 5292 572 5350 homines
585 5300 671 5349 artem
686 5290 875 5365 pessumdans

268 5393 331 5433 nem
342 5395 438 5436 rerum
448 5396 567 5453 coquum
577 5380 599 5437 si
609 5379 833 5446 consideraveris,

269 5478 379 5535 spuere
391 5467 420 5522 iu
430 5482 487 5523 rem
499 5466 595 5525 ordine
605 5458 766 5533 inductum,

268 5556 296 5602 ct
305 5548 376 5606 vires
389 5552 581 5626 passionesque
591 5552 717 5610 omnium

269 5632 428 5703 singulatim
445 5646 676 5707 cognoscentem,
688 5636 740 5693 elie
754 5635 868 5693 forum

218 5727 250 5775 td
269 5734 311 5775 res
320 5720 370 5776 tibi
381 5720 603 5780 videbitur.'ires
614 5723 705 5781 sdltuc
716 5739 768 5781 nos

269 5821 367 5864 sumus
379 5809 495 5883 reliqui,
510 5809 636 5880 Boedion,
652 5810 852 5879 etChsrisdes,

268 5909 374 5967 egoque
389 5913 395 5949 :
413 5896 511 5953 ceteris
521 5896 636 5971 oppede.
649 5897 677 5955 b.
690 5897 762 5970 Quid
780 5897 838 5954 sisi

269 5984 339 6053 ego?
354 5998 379 6038 s.
392 5981 521 6040 scootm
531 5998 582 6040 uos
590 5998 729 6040 servemus

270 6068 375 6125 Siconis
386 6089 392 6126 ι
405 6069 451 6128 ἰΙΙα
461 6069 529 6128 artis
537 6079 633 6128 suctm
646 6070 712 6139 iuit3

220 6163 252 6211 ts
270 6155 364 6212 docuit
376 6174 428 6214 uos
442 6158 562 6230 primum
574 6158 773 6231 astrologomnr
787 6160 921 6218 rationem

270 6243 442 6319 deinde-post
455 6246 515 6304 lraee
529 6248 621 6305 statim
632 6246 888 6315 architectonicam

272 6332 389 6406 physion
403 6350 498 6393 omnes
512 6336 600 6394 tenuit
611 6334 790 6409 questiones,

1762 1491 1819 1540 dli

1117 1629 1175 1719 ἐγώ
1203 1646 1246 1693 τε·
1274 1632 1336 1701 τὀῖς
1355 1629 1474 1697 λοιποῖς
1500 1613 1533 1686 δὲ
1563 1609 1761 1709 προσπέρδου.
1789 1621 1820 1699 β.

1680 1723 1720 1788 Τί
1745 1728 1819 1815 oles

1117 1841 1193 1930 ἐγώ;
1211 1863 1238 1901 α.
1254 1837 1299 1902 Τὸ
1314 1827 1530 1899 διδασκαλεῖον
1545 1837 1631 1920 ἡμεῖς
1647 1824 1780 1921 σώζομεν

1117 1944 1153 2009 τό
1168 1942 1310 2019 Σίκωνος·
1330 1937 1413 2015 οὗτος
1433 1949 1487 2014 τῆς
1506 1939 1613 2029 τέχνης
1635 1936 1763 2026 ἀρχηγὸς
1777 1934 1822 2006 ἡν·

1049 2044 1089 2116 t5
1119 2041 1277 2115 ἐδίδασκεν
1291 2050 1372 2137 ἡμᾶς
1381 2053 1502 2135 πρῶτον
1513 2041 1703 2132 ἀστρολόγων
1717 2042 1822 2133 λόγον,

1115 2158 1220 2223 ἔπειτα
1240 2153 1318 2246 μετδι
1328 2151 1416 2219 ταῦτ’
1429 2152 1509 2227 εὐθὺς
1519 2150 1750 2241 ἀρχιτεκτονεῖν·

1118 2259 1309 2353 περὶφύσεως
1323 2265 1449 2347 κατεῖχε
1463 2256 1577 2330 πάντας
1591 2255 1660 2330 τοὺς
1674 2253 1789 2344 λόγους·

1116 2365 1166 2432 ἐπὶ
1177 2371 1252 2431 πᾶσι
1262 2368 1378 2441 τούτοις
1388 2362 1400 2455 (
1411 2361 1462 2454 τ’)
1476 2364 1561 2452 ἔλεγε
1576 2360 1616 2424 τὰ
1626 2360 1819 2449 στρατηγικά·

1116 2471 1172 2563 πρὸ
1196 2480 1252 2547 τῆς
1280 2471 1388 2558 τέχνης
1412 2459 1535 2534 ἔσπευδε
1559 2465 1641 2532 ταῦθ’
1661 2468 1741 2553 ἡμᾶς
1763 2489 1823 2552 μα-

1751 2568 1821 2634 θεῖν.

1043 2704 1090 2751 20
1118 2685 1147 2766 β.
1166 2671 1231 2770 λρα
1247 2682 1282 2744 σύ
1299 2705 1337 2771 με
1354 2679 1477 2745 κόπτειν
1495 2674 1556 2752 οἷος
1573 2671 1599 2741 εἷ
1611 2700 1660 2767 γε,
1672 2674 1820 2765 ρίλτατε;

1115 2815 1146 2853 α.
1165 2783 1247 2867 Οὔκ,
1264 2785 1334 2849 ἀλλ’
1359 2787 1388 2849 ἐν
1402 2786 1464 2866 ὅσῳ
1476 2777 1648 2872 προσέρχετ’
1667 2774 1699 2855 ἐξ
1715 2779 1823 2871 άγοροῖς

1697 2891 1823 2967 ὀπαῖς,

1117 2996 1220 3084 μικρὸν
1234 2984 1255 3059 δ
1257 2995 1396 3060 ιακονίσω
1413 3019 1445 3060 σε
1460 2991 1526 3084 περὶ
1539 3001 1591 3057 τοῦ
1605 2991 1796 3082 πράγματος,

1116 3100 1163 3164 ῖνα
1180 3109 1223 3185 τῷ
1238 3107 1344 3167 λαλεῖν
1360 3094 1502 3191 λάβωμεν
1523 3099 1657 3188 εὔκαιρον
1671 3097 1784 3189 χρόνον.

1117 3209 1147 3289 β.
1176 3196 1333 3290 λπολλον,
1374 3198 1521 3298 ἐργώδηςί
1556 3229 1585 3268 α.
1619 3193 1770 3283 λκουσον,
1800 3199 1823 3265 ὦ
1853 3262 1861 3277 ‚

1721 3304 1818 3401 ’γαθέί

1044 3412 1089 3485 25
1115 3407 1165 3481 δεῖ
1178 3419 1230 3483 τὸν
1247 3418 1389 3509 μάγειρον
1406 3408 1518 3482 εἰδέναι
1532 3418 1690 3507 πρώτιστα
1708 3417 1761 3505 μὲν

1114 3521 1181 3611 περὶ
1209 3531 1269 3590 τῶν
1297 3525 1451 3613 μετεώρων
1477 3520 1531 3598 τάς
1556 3546 1590 3587 τε
1622 3528 1682 3586 τῶν
1709 3518 1824 3614 οἴστρων

1702 3617 1821 3708 δύσεις,

1115 3732 1233 3809 καὶτὰς
1247 3733 1405 3818 ἐπιτολὰς,
1421 3732 1478 3798 καί
1489 3729 1544 3797 τὸν
1555 3736 1657 3817 ἡλιον,
1673 3733 1746 3797 πότε

1115 3837 1166 3903 ἐπὶ
1182 3842 1238 3912 τὴν
1255 3837 1372 3931 μακράν
1384 3864 1417 3905 τε
1432 3836 1482 3904 καὶ
1495 3841 1644 3927 βραχεῖαν
1660 3840 1775 3930 ἡμέραν

1116 3942 1263 4030 έπαίνεισι,
1284 3944 1339 4009 κάν
1353 3943 1487 4010 ποίοισίν
1504 3946 1569 4009 έστι
1582 3934 1712 4028 ζῳδίοις·

1043 4043 1089 4115 30
1115 4046 1154 4113 τδι
1171 4046 1229 4141 γὰρ
1248 4046 1324 4137 ὄψα,
1336 4047 1426 4141 ρασί,
1444 4046 1548 4113 πάντα
1559 4045 1664 4113 καὶτὰ
1679 4051 1825 4142 βρώματα

1115 4145 1224 4246 σχεδόν
1239 4157 1268 4221 έν
1285 4159 1428 4247 περιφορᾷ
1442 4164 1495 4231 τῆς
1514 4156 1587 4231 ὅλης
1602 4147 1767 4232 συντάξεως
1890 4196 1892 4200 -

1114 4260 1216 4353 ἑτέραν
1230 4263 1259 4326 έν
1274 4254 1380 4336 άλλοις
1392 4254 1545 4352 λαμβάνει
1560 4264 1615 4333 τὴν
1629 4252 1749 4333 ἡδονήν.
1828 4330 1834 4343 ,

1115 4359 1209 4458 ὸμίν
1225 4365 1275 4435 οὖν
1295 4367 1435 4456 κατέχων
1461 4363 1502 4432 τὰ
1518 4376 1662 4446 τοιαῦτα,
1676 4369 1731 4441 τὴν
1748 4372 1824 4458 ὥραν

1735 4464 1821 4552 ἰδὼν,

1115 4579 1228 4642 τούτων
1243 4575 1399 4661 ἑκάστοις,
1419 4584 1458 4653 ὡς
1472 4585 1620 4669 προσῆκε,
1637 4579 1791 4665 χρήσεται·

1046 4675 1090 4747 35
1116 4686 1132 4747 ὁ
1148 4675 1179 4746 δ’
1193 4683 1307 4775 ἀγνοῶν
1316 4689 1401 4750 ταῦτ’
1417 4680 1539 4759 εἰκότως
1551 4676 1765 4768 τυντλάζεται,
1830 4699 1836 4711 ·

1095 4859 1192 4936 hisque
1201 4862 1329 4919 omuibus
1347 4862 1480 4921 absolutis
1493 4861 1621 4934 explicuit
1634 4863 1804 4935 imperatoria
1817 4882 1824 4919 :

1094 4955 1157 5005 oute
1167 4955 1255 5006 srtem
1270 4948 1405 5006 festinavit
1418 4959 1450 5006 ut
1466 4948 1527 5007 hec
1540 4948 1715 5007 disceremus.

1042 5039 1077 5091 20
1096 5034 1123 5090 b.
1139 5038 1184 5091 An
1198 5042 1229 5091 tu
1245 5049 1290 5092 me
1303 5034 1455 5093 obtundere
1467 5036 1517 5103 ris,
1532 5036 1715 5096 amicissime?

1095 5136 1121 5177 ιι.
1141 5123 1220 5186 Nom
1230 5121 1276 5178 sed
1291 5120 1357 5178 dnm
1372 5119 1442 5177 redit
1454 5136 1487 5179 ex
1497 5120 1559 5178 loro
1573 5137 1651 5194 puer,

1096 5206 1207 5280 psulum
1219 5215 1246 5263 te
1256 5207 1403 5279 pulvembo
1419 5211 1599 5275 (instituam)
1609 5207 1644 5263 de
1654 5207 1705 5263 lmc
1719 5226 1756 5272 re,

1096 5302 1128 5349 ut
1137 5302 1291 5366 opportuno
1304 5296 1638 5368 tempore-colloquamur.

1096 5380 1122 5436 b.
1137 5383 1189 5438 Per
1198 5380 1364 5454 Apollinem,
1376 5382 1508 5450 molestus
1517 5386 1558 5439 es!
1571 5398 1598 5437 ε.
1614 5381 1697 5448 Audi,
1712 5400 1730 5439 ο
1744 5384 1822 5441 hone.

1042 5473 1077 5523 25
1095 5474 1203 5540 oportet
1216 5482 1336 5540 coquum
1345 5467 1414 5524 seire
1426 5467 1515 5539 primo
1527 5468 1652 5525 omnium
1664 5466 1725 5526 loco

1096 5569 1204 5627 supera,
1215 5553 1338 5612 siderum
1351 5568 1464 5611 omnus

1095 5647 1235 5712 ostiisque,
1246 5648 1274 5698 et
1285 5640 1326 5696 sol
1336 5637 1448 5716 quando

1095 5724 1130 5781 sd
1143 5726 1251 5798 longam
1266 5725 1306 5784 vel
1321 5725 1430 5783 brevem
1445 5726 1518 5782 dem

1095 5812 1234 5881 ascendet,
1246 5813 1401 5886 quibusque
1415 5812 1540 5887 signiferi
1563 5816 1628 5871 insit
1642 5818 1822 5876 animalibus:

1043 5904 1077 5955 dd
1093 5900 1207 5971 opsonia
1220 5900 1305 5966 enim,
1317 5908 1349 5955 ut
1360 5900 1447 5967 siunt,
1458 5900 1561 5968 omnis,
1576 5909 1604 5959 et
1616 5900 1715 5959 cibam
1768 5940 1770 5944 -

1096 5984 1154 6043 iere
1168 5986 1197 6042 in
1210 5992 1269 6041 toto
1282 5986 1401 6042 circuitu
1414 5986 1630 6059 compositionis,

1095 6071 1177 6130 aliem
1190 6073 1221 6129 in
1230 6070 1291 6129 aliis
1301 6072 1415 6145 grstism
1426 6073 1573 6148 accipiunt.

1097 6160 1228 6232 Quisquis
1237 6160 1323 6232 igitur
1336 6160 1401 6217 talia
1412 6168 1497 6229 leuet,
1512 6160 1686 6219 considerans
1703 6166 1826 6231 [uteturs

1096 6246 1161 6303 anni
1170 6254 1288 6321 tempus,
1302 6246 1377 6321 quod
1391 6246 1490 6305 horum
1503 6248 1617 6319 singulis
1632 6251 1774 6316 convenit,
1793 6267 1827 6308 eo

1044 6338 1078 6388 st
1095 6333 1825 6420 ignorsmrerohsopermiscstmtconseutaucumest.
