4084 8009
373 1671 389 1707 ,ι
924 1646 1141 1707 PuAEt‘aTtO.

371 1782 570 1856 laveritiore
599 1794 715 1849 tamen
736 1779 879 1848 sortuua
908 1808 915 1848 :
940 1811 955 1843 ιι
986 1780 1137 1872 majores
1165 1782 1262 1849 euim
1286 1780 1370 1872 (ille
1397 1784 1594 1878 rescripsit)
1620 1810 1700 1854 suas

371 1904 475 1973 luisse
496 1918 612 2000 partes
627 1904 662 1972 in
684 1918 832 1997 utraque
850 1902 1010 1973 editione
1024 1904 1207 1987 Meiuelii,
1227 1928 1334 1997 quam
1352 1920 1388 1973 ιιι
1410 1929 1464 1974 res
1482 1905 1547 1975 sibi
1567 1906 1639 1998 jam
1655 1910 1695 1976 sit

369 2031 512 2123 integra.
529 2060 546 2093 »

416 2158 555 2223 Interea
570 2154 738 2222 scitarum
752 2152 1049 2222 emendationum
1062 2153 1256 2248 specimina
1274 2153 1379 2222 nobis
1395 2154 1557 2224 mittebat
1577 2157 1629 2223 vir
1648 2181 1699 2225 sa·

365 2303 428 2371 gar
447 2279 644 2348 Friderr'cur
658 2283 828 2347 Henricua
844 2279 961 2363 Bothe,
980 2280 1057 2365 cui,
1073 2294 1153 2375 post
1169 2278 1244 2350 illas
1257 2279 1434 2375 repulsas,
1455 2281 1524 2349 hnc
1540 2284 1697 2351 muneris

367 2401 683 2486 demandavimus,
713 2417 752 2470 ut
774 2426 815 2470 ex
843 2426 973 2495 magno
995 2426 1104 2498 opere
1129 2401 1291 2471 Meineltii
1313 2418 1517 2498 excerperet
1537 2421 1694 2474 veterum

365 2542 719 2622 poetarumversus,
742 2527 953 2623 explicaret,
976 2526 1185 2597 emendaret
1207 2526 1269 2596 ubi
1296 2529 1420 2595 vitium
1439 2529 1581 2597 traxisse
1600 2530 1696 2599 vide-

368 2665 506 2735 rentur,
536 2649 694 2746 denique
719 2650 894 2722 latinitate
920 2651 1082 2721 donaret.
1111 2650 1219 2734 Quod
1238 2649 1297 2719 ille
1319 2652 1365 2719 ita
1386 2652 1565 2746 praestitit,
1588 2667 1623 2721 ιιι
1651 2654 1695 2721 ab

367 2795 440 2840 una
459 2786 560 2866 parte
573 2771 674 2868 plura
693 2796 803 2867 quarn
818 2771 1086 2868 postulabamus
1103 2773 1226 2843 invitis
1237 2772 1433 2865 largiretur.
1449 2777 1541 2844 Sane
1562 2776 1695 2845 verissi-

367 2919 464 2966 mum
481 2911 554 2984 est,
575 2896 771 2990 fragmenta
788 2897 958 2993 pleraque
975 2897 1019 2966 ad
1039 2922 1104 2968 nos
1125 2898 1327 2967 transmissa
1347 2922 1422 2967 esse
1447 2923 1511 2992 per
1529 2898 1695 2969 homines

363 3046 382 3089 a
404 3022 503 3116 poesi
519 3020 777 3108 alienissimos;
795 3046 912 3119 neque
934 3022 1091 3115 cujusvis
1108 3039 1160 3092 est
1180 3023 1307 3093 comici
1324 3022 1395 3114 joci
1417 3020 1570 3091 ludibria
1592 3023 1694 3093 liber-

365 3145 452 3213 rima
475 3160 568 3215 recte
588 3146 812 3239 perspicere:
835 3160 872 3214 ut
891 3143 977 3214 hinc
993 3160 1128 3239 sponte
1146 3160 1310 3215 nascatur
1328 3145 1503 3239 suspicio,
1524 3145 1635 3214 multa
1657 3147 1691 3213 in

364 3265 432 3336 illis
453 3265 659 3359 fragmentis
677 3292 695 3335 a
714 3281 902 3361 poetarum
925 3290 1032 3336 seusu
1055 3281 1089 3334 et
1118 3266 1233 3335 verbis
1261 3266 1365 3335 luisse
1389 3266 1538 3336 detorta.
1560 3266 1694 3337 bibilo-

365 3390 484 3460 minus
504 3406 557 3461 est
583 3389 646 3462 ubi
667 3389 816 3461 Botbius
845 3390 950 3460 nobis
976 3389 1139 3459 videatur
1168 3388 1264 3459 nulla
1293 3415 1438 3486 prorsus
1458 3407 1606 3483 urgente
1634 3418 1693 3460 ne-

362 3513 525 3582 cessitate
545 3499 711 3582 traditam
726 3513 939 3608 scripturam
951 3513 1190 3583 attrectavisse
1206 3540 1213 3580 :
1230 3512 1432 3605 cujusmodi
1451 3515 1692 3581 correctiones

362 3661 453 3732 saepe
469 3636 683 3722 delevimus,
698 3637 825 3733 saepius
840 3637 926 3706 inter
951 3652 1085 3707 ceteras
1102 3638 1292 3733 opiniones
1306 3638 1512 3706 criticorum
1530 3639 1615 3732 ipsis
1632 3641 1693 3704 Bo·

363 3760 427 3828 tbii
447 3758 563 3830 verbis
586 3761 622 3828 in
644 3760 878 3829 annotatione
897 3760 1186 3829 memoravimus.
1207 3759 1349 3854 Ubique
1368 3783 1454 3842 vero
1475 3774 1509 3828 et
1526 3760 1691 3829 codicum

363 3883 534 3954 lectiones
548 3898 583 3953 et
598 3882 857 3977 probabiliores
873 3881 1143 3978 philologorum
1158 3885 1352 3953 sententias
1368 3907 1507 3952 summa
1523 3883 1692 3977 religione

364 4006 620 4092 indicavimus,
651 4031 724 4101 quo
749 4007 785 4076 in
812 4031 851 4075 re
869 4005 979 4075 dubia
1004 4005 1117 4075 lector
1141 4030 1246 4076 suum
1259 4005 1435 4099 judicium
1455 4005 1583 4075 lrabeat
1605 4007 1692 4076 inte·

362 4155 475 4223 grum.
494 4130 609 4199 Facile
623 4145 741 4199 autem
765 4152 934 4222 agnosces
954 4129 990 4196 in
1015 4127 1146 4197 Botbio
1165 4127 1343 4196 diutinam
1365 4153 1448 4197 cum
1470 4130 1586 4223 poetis
1606 4156 1692 4198 con·

362 4254 593 4323 suetudinem
629 4268 735 4349 atque
764 4251 1060 4338 familiaritatem,
1092 4252 1301 4345 rhythmicae
1331 4252 1512 4346 elegantia
1541 4278 1689 4324 sensum

362 4375 674 4458 delicatissimum,
703 4376 740 4443 in
773 4373 973 4467 judicando
1004 4373 1204 4444 libertatem
1232 4378 1425 4468 integram,
1457 4376 1492 4444 in
1515 4376 1689 4447 omnibus

361 4500 450 4593 agile
465 4515 500 4570 et
514 4498 675 4569 vividum
689 4522 853 4569 acumen.

410 4626 593 4720 Denique,
608 4638 735 4720 practer
753 4636 805 4693 tot
824 4624 962 4718 poetica
981 4622 1135 4709 lumina,
1149 4623 1282 4692 eminet
1299 4622 1368 4691 boe
1383 4622 1550 4693 volumen
1571 4649 1688 4692 rerunt

359 4772 398 4815 ex
426 4748 526 4816 omni
554 4748 623 4815 vita
648 4747 839 4840 graecanica
859 4747 1052 4840 petitarum
1075 4747 1177 4841 copia
1204 4762 1311 4840 atque
1334 4746 1501 4814 varietate
1520 4769 1658 4813 summa
1682 4774 1687 4811 :

359 4893 449 4963 quas
473 4892 601 4936 omnes
619 4867 774 4937 multum
789 4870 959 4937 intererat
977 4869 1013 4937 in
1029 4893 1105 4938 uno
1123 4884 1319 4963 conspectu
1334 4867 1510 4963 proponi,
1529 4864 1689 4934 aetatibus

358 5008 394 5061 et
412 4990 603 5086 generibus
617 4992 800 5061 comoediae
814 4990 949 5087 ubique
965 4992 1151 5062 distinctis.
1171 4996 1253 5061 Eam
1271 4991 1493 5087 provinciam
1510 4989 1690 5059 humanis-

359 5118 449 5185 simo
482 5116 607 5209 juveni
630 5115 754 5185 Iacobo
777 5117 952 5186 Humido·
975 5115 1291 5201 demandavimus,
1323 5116 1383 5208 qui
1418 5138 1533 5208 nuper
1557 5114 1687 5182 l‘lutar-

358 5240 534 5308 cbeorum
567 5264 718 5334 operum
752 5240 870 5309 indice
903 5241 1056 5333 generali
1090 5240 1243 5308 scienter
1271 5236 1436 5306 conlecto
1463 5237 1685 5307 eruditorum

358 5362 501 5432 laudern
520 5362 585 5433 sibi
613 5364 760 5460 paravit.
781 5364 913 5433 Eadem
941 5377 1112 5457 sequetur
1130 5362 1431 5431 accuratissimam
1457 5363 1575 5451 ωένιψιν
1604 5360 1687 5431 lruic

358 5489 530 5558 volumini
551 5488 792 5582 subjunctam.
819 5488 886 5557 Ubi
902 5488 1003 5557 litera
1029 5492 1056 5556 Α
1086 5486 1219 5555 indicat
1247 5486 1429 5579 antiquam
1450 5484 1684 5567 comoetliam,

359 5618 391 5681 tt
411 5614 590 5699 mediam,
608 5616 634 5681 tt
655 5636 804 5695 novam,
824 5610 955 5705 quibus
974 5608 1083 5679 literis
1102 5623 1220 5677 nostra
1241 5611 1388 5702 pagina,
1411 5608 1543 5677 deinde
1562 5631 1687 5702 paren-

357 5737 488 5806 tlretice
505 5750 617 5823 poeta
632 5751 663 5804 et
687 5733 814 5803 subulae
831 5757 963 5802 nomen
984 5731 1183 5823 sttbjicitur.
1203 5735 1333 5799 ilatum
1346 5731 1498 5814 Parisiis,
1517 5755 1564 5798 m.
1577 5730 1685 5798 lunio
1728 5732 1734 5745 '

357 5860 587 5930 MDCOELl'.

1424 5982 1450 6022 ι.
1471 5978 1498 6023 r.
1513 5976 1619 6024 tnoor.
