4084 8009
878 1484 1028 1545 stetis.

217 1617 275 1693 ἤδη
294 1620 461 1711 παρελθών·
477 1624 532 1685 οὐκ
545 1621 624 1708 ἔχων
642 1614 675 1684 δὲ
691 1617 833 1711 τυγχάνω

217 1732 270 1791 οὑκ
284 1719 369 1808 ὅξος,
385 1728 438 1789 οὐκ
455 1720 575 1808 ἄνηθον,
586 1727 639 1790 ούκ
653 1721 797 1817 ὀρίγανον,

146 1829 165 1897 5
217 1836 251 1897 οὐ
269 1830 365 1922 θρῖον,
380 1834 434 1898 ούκ
447 1830 560 1913 ἔλαιον,
577 1834 630 1897 οὐκ
644 1822 843 1923 ἀμυγδάλας,

217 1940 249 2001 οὐ
264 1929 419 2029 σκόροδον,
438 1940 471 2001 οὐ
486 1935 617 2027 σίραιον,
633 1934 701 2027 οὐχὶ
714 1934 834 2029 γύθυον,

219 2046 251 2108 οὐ
270 2036 394 2127 βολύθν,
410 2043 444 2106 οὐ
458 2050 533 2134 πῦρ,
550 2044 583 2107 ού
597 2042 736 2132 κύμινον,
751 2043 808 2129 οὐχ
822 2038 918 2129 εἴλας,

218 2152 271 2214 οὐκ
285 2147 357 2231 ᾠὸν,
373 2149 405 2213 ού
418 2140 499 2231 ξύλ’,
515 2150 548 2211 οὐ
563 2144 693 2236 σκάφην,
709 2148 742 2210 οὐ
758 2146 906 2237 τήγανον·

218 2257 274 2343 οὐχ
288 2249 420 2346 ἱμονιὰν,
437 2256 470 2318 οὐ
483 2250 599 2318 λάκκον
614 2245 693 2318 εἶδον
708 2275 715 2292 ·
732 2256 765 2318 ού
784 2252 890 2343 φρέαρ,

155 2367 193 2423 ιο
219 2363 251 2424 οὐ
267 2358 397 2449 στάμνος
411 2359 495 2423 ἔστι·
512 2351 651 2435 διακενῆς
661 2351 690 2423 δ’
706 2360 810 2431 ἕστηκ’
827 2359 887 2448 ἐγὼ

221 2462 316 2549 ἄκων,
334 2463 489 2556 μάχαιραν
505 2465 628 2555 προσέτι
642 2458 884 2555 περιεζωσμένος.

146 2604 263 2662 Versu6
275 2600 368 2682 γήθυον
376 2622 430 2680 pro
439 2599 542 2678 γήτειον
554 2602 690 2672 Meinek„
702 2603 738 2658 de
748 2598 847 2677 γήτιον,
857 2600 937 2673 quod

147 2694 211 2765 atti,
227 2704 304 2749 recte
318 2692 470 2748 dubitans:
486 2714 499 2739 ι
513 2691 608 2765 Etym.
621 2691 662 2748 M.
678 2709 709 2766 p.
727 2689 793 2761 230,
808 2688 844 2747 αθ
860 2704 866 2747 :
880 2686 937 2759 Γή-

147 2800 250 2837 τειον...
266 2774 427 2854 (λίγετσιδί
447 2774 492 2833 καὶ
513 2774 627 2852 γήθυον)
648 2775 777 2854 γράφεται
792 2774 835 2832 διὰ
851 2778 898 2846 τῆς
915 2798 937 2832 ει

149 2862 304 2941 διφθύγγου·
320 2862 354 2921 τὰ
368 2861 418 2942 γὰρ
435 2862 488 2920 ἀπὸ
501 2866 553 2920 τῶν
569 2868 604 2930 εἰς
618 2884 645 2930 ος
658 2862 821 2922 δισυλλάύων
833 2863 936 2921 οὒδετε-

150 2976 201 3030 ρων
216 2951 259 3010 iti
279 2957 324 3011 τοῦ
340 2974 391 3011 etot
404 2952 530 3029 γινόμενα
550 2951 672 3030 οὐδέτερα
695 2951 775 3025 μόνον
796 2950 839 3009 διὰ
855 2955 902 3022 τῆς
915 2975 938 3009 ει

148 3038 292 3119 γράφεται,
308 3030 360 3099 οἷον
377 3040 452 3105 δάνος
467 3038 582 3114 δάνειον,
595 3038 666 3116 γίνος
678 3041 719 3117 (i)
732 3038 846 3116 γίνιιον,
861 3038 938 3119 βρίν-

148 3135 191 3193 θος
204 3128 342 3206 βρίνθτιον.
350 3172 369 3189 ..
386 3125 467 3193 οὕτως
478 3117 522 3185 σύν
535 3126 580 3184 καὶ
591 3126 645 3185 άπὸ
656 3129 702 3197 τῆς
713 3130 761 3204 γῆς
773 3125 871 3204 γίνεται
885 3132 937 3205 γῆ-

149 3237 192 3280 τος
200 3215 245 3273 καί
256 3215 367 3292 γήτειον.
378 3222 472 3293 Atque
484 3216 525 3272 ita
536 3227 699 3271 constanter
705 3217 916 3290 Aristophanes.
926 3238 937 3264 ι

149 3306 182 3363 V.
193 3323 212 3378 9
222 3305 289 3360 libri
302 3304 360 3360 sere
373 3301 487 3379 ἱμονίαν.
502 3306 535 3362 V.
552 3323 583 3360 ir
602 3305 775 3378 tautologice
788 3304 855 3358 libri
870 3300 938 3379 ἔχων

149 3389 229 3468 μάχ.,
242 3389 349 3469 προσίτι
360 3411 419 3467 περ.
430 3391 535 3465 Scripsi
545 3387 626 3461 ἄκων,
635 3402 741 3447 mutata
749 3390 937 3447 distinctione.

530 3525 558 3584 ίς.

189 3630 268 3688 Idem
287 3630 312 3699 3,
333 3650 363 3707 p.
380 3631 435 3707 96,
457 3634 481 3687 Α
501 3624 583 3689 :itt
600 3627 778 3694 Κυύευταῖς...
800 3629 848 3685 κάν
864 3628 899 3686 Π.
919 3625 936 3695 ἦ

150 3715 260 3796 Ἐρίθοις
353 3740 356 3745 ·

246 3888 294 3899 -
311 3842 348 3914 ἵν’
365 3850 502 3942 ἡμίοπτα
517 3852 568 3942 μὲν

199 3954 240 4020 τὰ
253 3949 367 4046 κρεάθι’
386 3955 470 4040 ἐστὶ,
488 3958 524 4022 τὸ
539 3957 700 4047 περίκομμ’
712 3955 899 4036 άπολλυται,

200 4066 216 4125 ὁ
230 4061 356 4153 γόγγρος
373 4062 474 4153 ἑφθὸς,
492 4060 533 4127 τὰ
548 4055 580 4127 θ’
595 4062 756 4152 ἀκροκώλι’
773 4053 902 4126 οὐδέπω.

116 4211 120 4219 '
151 4206 229 4261 Libri
241 4205 368 4261 Athenaei
381 4202 520 4283 Ἐρίθοισιν
531 4202 681 4282 Ἦμίοπτα,
697 4216 751 4263 etc.
770 4207 857 4261 Recte
868 4205 937 4259 Din-

157 4294 228 4350 tlors.
243 4292 293 4354 Ἷν’
310 4297 358 4369 ip.

533 4407 548 4463 5

150 4519 270 4664 Ἐῐρύετο
281 4538 299 4579 ,ι
310 4537 336 4589 ι,
347 4538 378 4594 p.
396 4518 465 4589 483,
480 4521 519 4596 li,
542 4520 578 4576 de
593 4517 693 4576 κώθωνι
707 4520 863 4576 disserens:
880 4513 938 4576 itt.

185 4626 265 4685 ΡΨ(
273 4648 281 4676 ν

199 4715 279 4785 Εἶτα
294 4720 512 4811 τετρακότυλον
527 4715 661 4787 ἐπεσύύει
675 4720 798 4786 κώθωνά
819 4745 886 4810 μοι,

199 4825 325 4891 παλαιὸν
342 4824 431 4891 οἴκων
444 4834 562 4917 κτῆμα.
606 4873 608 4877 .

152 4951 272 5005 Versus
292 4952 331 5007 ita
351 4953 469 5009 Porson.
495 4951 531 5006 od
547 4951 654 5007 Medeae
676 4950 725 5018 48.
744 4952 822 5008 Libri
838 4946 896 5009 Εἶτ’
911 4950 937 5005 ἐν

204 5132 298 5188 posces
311 5116 473 5184 advenieus;
489 5117 537 5174 sed
549 5118 619 5175 forte
631 5134 681 5191 ego
693 5134 749 5174 non
759 5118 846 5175 babeo

203 5210 330 5271 acetum,
343 5218 400 5259 non
414 5203 547 5261 anethum
558 5228 566 5272 ,
579 5219 634 5261 non
646 5204 806 5276 origanum,

151 5294 167 5343 ⁵
203 5303 261 5344 non
272 5287 368 5345 folium
381 5289 465 5357 ficus,
477 5306 532 5346 non
542 5290 643 5359 oleum,
659 5306 713 5346 noo
725 5290 883 5363 amygdala,

204 5390 261 5432 non
273 5373 384 5441 allium,
394 5391 450 5432 nou
461 5390 572 5450 sapam,
584 5392 640 5433 non
655 5375 803 5449 gethyum,

205 5476 262 5518 non
281 5459 414 5529 bulbum,
432 5477 489 5519 non
501 5462 607 5534 ignem,
628 5478 685 5519 non
701 5464 861 5529 cuminum,
881 5479 938 5519 non

859 5550 936 5615 suo,

205 5647 263 5689 non
275 5647 375 5698 orum,
390 5648 446 5689 non
458 5634 548 5705 ligna,
562 5650 617 5691 nou
630 5635 794 5701 fumarium,
807 5550 863 5692 nob
874 5611 938 5692 cati-

205 5819 262 5863 non
275 5804 385 5863 mutam
395 5848 403 5873 ‚
415 5822 471 5863 uon
483 5806 588 5864 foveam
603 5808 675 5877 ridi3
686 5825 740 5865 noo
751 5817 793 5866 est
806 5726 921 5882 mibi:¹
929 5764 938 5794 ’

154 5897 187 5946 10
204 5898 260 5947 uon
274 5906 323 5949 vas
335 5892 489 5960 vinarium3
506 5889 661 5967 frustraque
674 5911 725 5967 ego
737 5895 815 5954 adsto

205 5977 320 6046 inritus,
334 5986 362 6036 st
373 5978 485 6052 iusuper
495 5978 587 6051 gladio
596 5980 707 6039 cinctus.

527 6073 555 6121 4.

186 6180 222 6192 —
232 6149 289 6207 Ubi
298 6150 434 6208 semimsae
447 6151 560 6223 quidam

150 6245 215 6295 sunt
228 6238 398 6301 camnonlae,
413 6247 442 6295 et
454 6240 570 6297 minutal
583 6242 776 6313 corrumpitur,

151 6339 252 6397 conger
263 6332 306 6381 est
320 6332 428 6394 metus,
441 6324 489 6383 sed
501 6328 623 6385 trunculi
635 6328 768 6385 nondum.

1705 1497 1761 1545 tot

980 1637 1049 1694 τιτρ.
1061 1619 1095 1675 V.
1116 1635 1132 1672 κ
1148 1618 1215 1673 iibri
1232 1616 1311 1674 πλέον
1325 1604 1406 1687 οἶκον,
1422 1618 1501 1692 quod
1516 1618 1623 1677 ibidem
1645 1622 1770 1675 correxit

981 1707 1063 1762 Pois.
1078 1704 1235 1762 secundum
1247 1706 1296 1761 ills
1312 1705 1458 1780 Euripidis

1019 1804 1132 1868 παλαιθύ
1145 1808 1223 1867 cirus
1238 1812 1328 1885 κτῆμα
1338 1807 1475 1882 δεσποίνης
1488 1810 1563 1900 ἔμ”ιῆςι

1359 1924 1386 1980 6.
1486 1926 1489 1932 ,

1022 2039 1103 2095 Idem
1121 2040 1151 2109 6,
1167 2060 1198 2115 p.
1214 2042 1286 2112 248,
1302 2045 1326 2097 Λ
1343 2061 1349 2096 :
1368 2038 1519 2118 σιτοκούρου
1536 2039 1558 2097 δ’
1583 2037 1640 2097 'Ait
1661 2063 1771 2116 μνημο-

981 2120 1049 2182 νιύιι
1062 2125 1089 2181 ἐν
1102 2125 1140 2185 Π.
1154 2121 1172 2194 ἢ
1185 2124 1244 2205 ’Ep

1034 2226 1105 2304 θσει
1118 2248 1292 2332 περιπατῶν
1307 2240 1483 2333 σιτόκουρος.

982 2363 1061 2420 Libri
1073 2360 1132 2440 ἔσῃ.

1204 2504 1292 2566 xcv.
1317 2505 1548 2579 atrianos.

1366 2660 1390 2697 1.

1024 2749 1126 2804 Atben.
1149 2767 1242 2823 10,'p.
1259 2716 1328 2824 iar,
1342 2752 1368 2805 D
1386 2770 1393 2804 :
1410 2750 1437 2807 is
1455 2747 1482 2806 δί
1498 2750 1537 2828 τῷ
1551 2746 1697 2828 Παρασίτῳ
1710 2748 1768 2812 'tt

913 2862 922 2885 ι
983 2833 1044 2915 περὶ
1056 2833 1207 2915 πολυφάγου
1225 2835 1293 2902 τινὸς
1306 2835 1488 2913 διαλεγόμενός
1500 2858 1564 2914 φησι

1033 2949 1171 3014 Καλοῡσι
1186 2943 1216 3014 θ’
1236 2950 1326 3015 αὐτὸν
1341 2948 1452 3026 πάντες
1466 2952 1494 3016 οἱ
1507 2952 1644 3042 νεώτεροι

1037 3083 1053 3117 ιι
1064 3052 1233 3146 παράσιτον
1245 3080 1262 3113 s
1275 3056 1460 3147 ὑποκόρισμα
1470 3080 1477 3095 ·
1489 3066 1534 3142 τῷ
1542 3048 1571 3120 θ’
1581 3050 1769 3146 ούθὲνμελει,

1033 3152 1149 3225 δειπνεῖ
1164 3153 1208 3245 θ’,
1224 3156 1340 3252 άφωνος
1355 3166 1508 3253 Τιίλεφος,
1524 3164 1613 3228 νεύων
1629 3163 1714 3253 μόνον

1033 3267 1104 3359 πρὸς
1116 3268 1185 3343 τοὺς
1200 3267 1414 3359 ἐπερωτῶντάς
1427 3292 1478 3352 τι,
1495 3272 1573 3334 ὥστε
1590 3269 1738 3345 πολλάκις

986 3374 1006 3438 5
1034 3374 1123 3438 αὐτὸν
1138 3377 1154 3438 ὁ
1167 3375 1323 3449 κεκληκὼς
1337 3380 1401 3450 τοῖς
1417 3368 1606 3465 Σαμοθρᾳξὶν
1620 3375 1743 3463 εὔχεται

1032 3473 1125 3556 λῆξαι
1139 3479 1271 3545 πνίοντα
1285 3478 1336 3545 καὶ
1349 3478 1512 3571 γαληνίσαι
1525 3481 1615 3544 ποτέ·

1034 3588 1148 3676 χειμὼν
1163 3577 1220 3650 δ’ὁ
1236 3583 1424 3676 μειρακίσκος
1439 3583 1506 3651 ε’στὶ
1518 3590 1585 3661 τοῖς
1600 3582 1710 3676 φίλοις,

985 3718 1074 3772 Versu
1099 3734 1116 3771 a
1135 3713 1291 3791 παράσιτον,
1308 3716 1482 3785 Parasitum,
1503 3735 1562 3772 non
1584 3716 1771 3785 Hannonem,

985 3803 1075 3875 qualis
1089 3813 1140 3858 est.
1155 3806 1188 3861 V.
1208 3802 1223 3857 3
1240 3800 1341 3881 ιίφωνος
1359 3802 1444 3879 Τηλ,
1463 3804 1493 3859 b.
1510 3822 1536 3861 e.
1554 3804 1589 3867 ὡς
1603 3801 1703 3880 ἄφωνος
1716 3806 1746 3860 T.
1762 3824 1768 3856 z

986 3889 1021 3947 cf.
1038 3891 1189 3966 Ampbidis
1208 3890 1313 3949 [litabor
1336 3892 1373 3949 fr.
1402 3911 1432 3947 r..
1446 3895 1479 3951 V.
1497 3890 1514 3947 5
1535 3893 1602 3947 libri
1622 3890 1656 3947 τὰ
1680 3892 1771 3965 Σαμο-

985 3976 1082 4057 θρᾴκι’.
1096 4005 1107 4031 ι
1119 3980 1182 4043 Τοῖς
1191 3976 1357 4058 Σαμοθρρῖιν
1368 3979 1549 4036 scribendum
1563 3999 1621 4037 esse
1631 3982 1766 4055 suspicor,
1785 4030 1787 4033 ,

984 4067 1014 4126 b.
1033 4087 1059 4123 e.
1076 4068 1276 4123 Samothraciis
1292 4068 1346 4122 diis
1357 4086 1406 4122 seu
1419 4068 1533 4123 Cabiris.
1555 4068 1700 4124 Diodorus
1714 4070 1770 4124 Sic.

986 4161 1013 4223 4,
1038 4156 1074 4220 43
1093 4175 1100 4210 ε
1117 4152 1195 4230 φασὶν
1210 4151 1349 4230 'Oppiam
1371 4151 1531 4223 ποιήσασθαι
1549 4154 1600 4219 τοῖς
1621 4152 1772 4235 Σαμοθρρξὶ

984 4239 1031 4306 τθις
1048 4239 1112 4319 ὑπὲρ
1129 4246 1175 4312 τῆς
1191 4239 1321 4317 σωτηρίας
1335 4239 1426 4317 εὐχάς·
1440 4252 1468 4297 et
1483 4243 1590 4297 ibidem
1611 4241 1647 4307 48
1666 4263 1672 4297 :
1689 4246 1734 4299 τοῦ
1748 4241 1771 4297 δ’

985 4326 1103 4408 Ὀρφέως
1117 4326 1195 4405 εύχθς
1206 4326 1384 4402 ποιησαμένου
1397 4335 1449 4393 τοῖς
1459 4328 1611 4407 Σαμοθριρξὶ
1625 4328 1702 4397 λῆξαι
1713 4327 1771 4394 τοὺς

986 4417 1105 4491 ἀνέμους.
1123 4418 1166 4474 Cf.
1184 4417 1310 4478 Lobeck.
1325 4417 1467 4491 Aglaopb.
1484 4436 1513 4491 p.
1531 4419 1622 4485 1218,
1640 4418 1689 4472 ubi
1704 4420 1770 4492 piu-

985 4506 1063 4560 ribus
1079 4507 1137 4579 agit
1151 4504 1186 4559 de
1207 4504 1375 4560 Cabirorum
1396 4506 1518 4575 auxilio,
1540 4524 1599 4579 quo
1617 4516 1717 4561 nautas
1736 4523 1771 4561 ex

984 4596 1115 4667 praesenti
1140 4592 1301 4648 discrimine
1324 4593 1485 4648 servabant.
1520 4593 1561 4649 cf.
1593 4593 1708 4651 Jacobs.
1733 4594 1771 4649 ad

986 4681 1120 4737 Bruncbii
1135 4682 1215 4736 Anai.
1233 4701 1261 4751 7,
1275 4699 1306 4754 p.
1324 4679 1391 4750 278.
1407 4683 1470 4737 Hoc
1490 4683 1575 4756 igitur
1591 4682 1662 4737 dicit
1675 4683 1719 4739 ΑΙ.
1732 4682 1770 4740 ιθ

984 4770 1059 4826 κεκλ.
1069 4766 1175 4845 εὔχεται
1182 4775 1234 4833 τοῖς
1242 4769 1327 4843 Zau„
1340 4766 1418 4826 αύτθν
1429 4768 1505 4849 (scii.
1516 4772 1671 4845 parasitum
1681 4771 1770 4825 turbi-

985 4860 1028 4913 nis
1040 4860 1128 4914 instar
1142 4860 1171 4913 in
1181 4859 1290 4932 patinas
1298 4858 1491 4933 ingruentem)
1501 4857 1578 4928 λῆξαι
1592 4880 1638 4916 πν.
1648 4855 1694 4915 καὶ
1704 4858 1768 4936 γαλ.

987 4949 1049 5003 Hoc
1061 4958 1236 5020 postremum
1256 4948 1381 5004 Lobeck.
1397 4948 1434 5004 ad
1448 4946 1565 5019 Ajacem
1579 4967 1611 5023 p.
1627 4946 1683 5022 198
1694 4959 1771 5005 recte

985 5199 1092 5257 Deinde
1103 5207 1231 5272 quattuor
1242 5120 1415 5257 heminariim
1426 5200 1577 5274 propinarit
1590 5200 1658 5258 mibi
1675 5200 1768 5257 ootho-

985 5302 1068 5359 quom
1079 5285 1137 5358 jam
1148 5286 1215 5343 oiim
1228 5286 1328 5344 domus
1340 5288 1469 5360 possedit
1669 5290 1768 5358 inem,

985 5460 1046 5516 Eris
1055 5457 1208 5516 ambuiator
1220 5458 1344 5517 cibicida.
1365 5381 1392 5430 ⁶¹

1269 5548 1483 5605 PARASITUS.

1021 5721 1179 5792 vocantque
1188 5733 1252 5775 eum
1266 5642 1495 5793 omnesiuniorm

1021 5805 1174 5864 honestiore
1184 5808 1297 5865 nomine
1312 5810 1488 5868 «Parasitum
1500 5826 1531 5878 νς
1548 5808 1595 5866 ἰΙΙο
1610 5817 1702 5866 autem
1712 5825 1768 5866 nou

1020 5982 1067 6039 sed
1079 5983 1215 6055 epulatur,
1236 5995 1328 6043 mutus
1339 5986 1493 6061 Telephus,
1505 5996 1606 6045 nutans
1616 5900 1767 6045 moiibum’

1021 6071 1252 6144 interrogantibus
1264 6074 1367 6148 aliquid
1377 6117 1386 6146 ,
1395 6084 1428 6132 ut
1437 6089 1523 6150 steps,

984 6162 1001 6211 5
1019 6158 1066 6229 qui
1081 6158 1204 6215 invitavit
1213 6175 1295 6227 eum,
1308 6170 1435 6233 precetur
1447 6163 1649 6231 Samothraces,

1019 6261 1074 6316 quo
1084 6244 1192 6302 desinat
1203 6246 1269 6305 sstre
1282 6256 1310 6305 ct
1325 6250 1445 6321 quiescat
1460 6268 1467 6305 ε

936 6362 939 6367 ι
959 6304 963 6376 Ι
1024 6331 1105 6387 turbo
1118 6333 1190 6388 euim
1204 6332 1424 6393 adolescentulus
1436 6345 1476 6396 est
1485 6338 1588 6396 amicis.
