4084 8009
860 1520 1111 1585 ANTlPllAllllS.

1732 1547 1789 1597 415

154 1657 252 1712 Versu
267 1672 284 1710 α
298 1654 380 1721 libri,
395 1653 513 1706 nomine
528 1651 608 1707 δεσπ.
623 1651 766 1703 occultato
780 1651 807 1703 in
824 1650 902 1718 thesi,
917 1673 959 1728 χρ.
1056 1652 1240 1749 ὀφθαλμιῶν
1259 1659 1410 1752 ἅνθρωπος
1429 1664 1565 1757 ίσγυριῖις,
1581 1666 1659 1733 κακὰ

154 1765 187 1818 γ.
204 1743 263 1798 ἐστι
286 1740 368 1796 δεσπ.
391 1736 496 1814 πατρές.
515 1740 587 1793 Mire
606 1737 693 1792 rodtl.

155 1827 301 1916 πατρίδος.

556 1932 603 1991 51.

203 2050 252 2107 lb.
271 2047 323 2118 63,
342 2067 389 2102 ta.

213 2163 253 2230 Ei
265 2188 342 2255 φησι
359 2162 430 2237 τοὺς
446 2163 576 2250 ἐρῶντας
591 2158 660 2249 οὐχὶ
677 2168 744 2223 νοῦν
758 2159 857 2248 ἔχειν,

204 2266 235 2344 ’ἦ
257 2274 320 2335 που
333 2266 383 2345 τίς
394 2269 460 2333 ἐστι
477 2265 546 2342 τοὺς
560 2263 686 2358 τρόπους
708 2257 873 2351 &toruoq-

214 2375 244 2442 εἰ
255 2373 315 2468 γὰρ
328 2376 439 2466 ἀφέλοι
454 2398 502 2449 τις
518 2381 571 2437 τοῦ
588 2371 654 2455 βίον
676 2366 731 2446 τὰς
745 2358 874 2446 ἡδονὰς,

214 2478 422 2548 καταλείπετ’
438 2468 525 2543 οὐδὲν
548 2474 677 2568 έτερονῆ
699 2476 879 2545 τεθνηκέναι.

796 1738 803 1756 ,
839 1735 917 1759 ι...

715 1739 770 1794 ΑΒ·
794 1758 848 1792 ²⁶³¹
867 1757 881 1792 θ
904 1760 962 1801 ⁵¹²⁰<
1057 1764 1229 1852 πάμπολλα
1246 1766 1374 1856 πάσχων
1390 1767 1420 1832 ἓν
1438 1771 1548 1862 ἀγαθὸν
1563 1774 1678 1863 πάσχει
1698 1774 1797 1863 μόνον,

1056 1871 1104 1933 ὅτι
1116 1875 1173 1961 οὐχ
1186 1876 1240 1961 θρᾷ
1252 1881 1378 1964 γυναῖκα
1392 1887 1496 1941 τοῦτον
1513 1879 1564 1943 τὸν
1582 1881 1695 1970 χρόνον.

1009 1996 1096 2050 Versu
1112 1996 1128 2050 3
1145 1997 1233 2055 lllein.
1247 2010 1325 2053 reete
1336 1996 1375 2054 δτι
1392 2020 1445 2073 pro
1453 1998 1501 2058 δι’.
1521 2039 1528 2056 ι

1380 2103 1426 2160 56.

1049 2178 1155 2248 1574,
1175 2177 1203 2233 3.

1057 2296 1108 2365 Μὴ
1127 2287 1145 2323 3
1158 2294 1292 2385 ὄμμασιν
1310 2299 1347 2362 τὸ
1363 2308 1452 2393 σῶμα
1463 2307 1646 2398 λαμπρύνειν
1664 2308 1745 2394 θέλε,

1057 2398 1153 2493 ἔργοις
1167 2392 1202 2465 δὲ
1219 2402 1356 2497 καθαροῖς
1377 2408 1429 2472 καὶ
1446 2410 1567 2500 τρόποις
1585 2416 1640 2485 τὴν
1654 2410 1792 2507 καρδίαν.

1010 2524 1113 2582 lllenda
1128 2541 1170 2584 est
1188 2525 1319 2605 ὄμμασιν,
1332 2534 1382 2589 sed
1397 2537 1481 2592 nimis
1498 2538 1632 2595 dissimile
1645 2539 1796 2618 χρώμασιν,

163 2629 326 2700 Pemeram
337 2624 405 2678 libri
419 2639 503 2677 versu
521 2639 533 2674 1
547 2615 582 2675 Et
597 2615 636 2682 τίς
650 2639 724 2695 φησι,
740 2629 807 2687 ete„
823 2637 911 2691 quum
928 2614 965 2680 τὶς
1010 2613 1089 2681 quod
1099 2616 1240 2671 Gesnerus
1252 2619 1357 2692 aliique
1369 2622 1553 2693 suffecerunt,
1564 2645 1657 2699 neque
1666 2631 1796 2686 colorum

162 2725 308 2788 sequatur
318 2732 348 2770 ν.
364 2730 392 2779 n,
407 2708 488 2784 quod
498 2709 555 2763 huc
566 2708 699 2781 pertinet.
714 2730 726 2755 ι
739 2705 843 2761 Fadum
859 2705 961 2763 Athen.

1010 2709 1066 2753 tam
1073 2720 1192 2775 magnus
1200 2706 1318 2761 Athenis
1330 2727 1396 2763 usus
1408 2710 1553 2784 luitquarn
1565 2728 1774 2788 unguentorum
1787 2739 1794 2773 :

168 2801 220 2873 ι3,
237 2820 269 2875 p.
287 2800 358 2866 563,
375 2803 418 2864 Α,
433 2796 517 2852 affert
529 2813 564 2850 ex
579 2792 731 2868 Theophili
753 2792 895 2859 Philaulo,
915 2788 965 2854 τίς
1010 2806 1098 2859 quare
1113 2789 1204 2865 legam
1217 2790 1264 2861 Μή
1280 2793 1305 2868 γ’
1318 2792 1353 2849 do
1360 2817 1462 2869 μασιν
1541 2803 1583 2856 De
1595 2823 1615 2874 μ
1627 2814 1682 2858 eto
1697 2806 1796 2862 litteris

163 2908 235 2966 φησι
291 2897 320 2944 et
334 2891 445 2950 versut
459 2880 533 2939 οὐδέν
546 2879 625 2938 ἄλλο
635 2878 719 2949 πλὴν
733 2882 800 2937 τεθν.
817 2904 828 2928 υ
847 2880 872 2932 Ε
880 2880 923 2932 Μ.

550 2990 599 3050 5ο.

210 3105 297 3162 stou.
313 3102 415 3159 floril.
435 3099 486 3170 68,
501 3116 553 3171 27,
568 3109 596 3154 et
610 3097 743 3153 Arsenius
754 3096 818 3149 lon.
832 3113 862 3169 p.
876 3093 943 3152 130.

220 3225 264 3307 Ως
283 3229 353 3295 ἔστι
366 3227 405 3293 τὸ
418 3230 529 3319 γαμεῖν
548 3223 677 3315 ἔσχατον
699 3230 750 3288 τοῦ
767 3214 938 3312 δυστυχεῖν.

552 3363 600 3421 53.

217 3481 296 3540 lbid.
309 3499 361 3552 σο,
374 3497 404 3554 9.

225 3602 292 3665 Οὐκ
306 3597 390 3661 ἔστιν
406 3585 476 3660 οὐδὲ
495 3594 650 3684 βαρύτερον
663 3598 724 3655 τῶν
743 3592 868 3683 φορτίων

225 3702 365 3796 γυναικὸς
380 3700 473 3777 ὅντως
496 3706 606 3791 προῖκα
630 3701 748 3770 πολλὴν
770 3698 940 3788 φερομένης.

174 3833 269 3887 Versu
285 3847 303 3885 a
315 3826 384 3884 libri
397 3844 469 3882 voce
482 3821 603 3899 γοναυιθς
622 3823 764 3879 deteriore
783 3825 847 3878 loco
861 3824 967 3897 posita,

173 3916 258 3982 dutus<
269 3938 328 3994 γνν.
342 3936 372 3974 π.
386 3935 416 3972 π.
428 3936 456 3994 φ.
471 3939 482 3962 ι
496 3914 592 3968 Malim
606 3910 712 3967 πάντων
723 3934 748 3986 γ.
759 3912 903 3980 Aesonius,
916 3930 968 3966 an·
1057 3959 1069 3977 ‚

176 4014 299 4061 notante
317 4001 403 4062 Guisf.
425 4021 432 4057 ε
450 3996 584 4076 γυναικὸς,
604 3998 626 4055 εἰ
648 3994 685 4072 μὴ
707 3996 752 4060 nl<
774 3995 866 4075 φρένας
886 3994 968 4061 >telle

175 4091 239 4172 ἔχῃ.
252 4118 266 4143 ν
277 4093 370 4147 Mein.
787 4085 790 4091 ’

552 4197 600 4265 55.

222 4316 266 4370 lb.
280 4312 330 4384 73,
346 4311 393 4380 48.
412 4311 523 4386 (Trine.
548 4305 733 4387 Ἀντιφιθνου.)

232 4438 301 4537 θίγὼ
321 4439 441 4536 γυναικὶ
458 4431 488 4504 δ’
509 4442 539 4504 έν
557 4465 589 4505 τι
604 4440 734 4504 πιστεύω
750 4438 852 4527 μόνον,

230 4548 308 4616 ἐπὰν
323 4545 478 4638 ἀποθάνῃ,
496 4549 536 4636 μὴ
553 4546 713 4629 βιώσεσθαι
733 4544 839 4619 πάλιν,

231 4653 272 4721 τὰ
283 4645 314 4720 δ’
325 4649 397 4718 ἄλλ’
411 4653 534 4717 ἀπιστῶ
551 4650 652 4734 πάνθ’,
670 4652 724 4726 ἕως
745 4645 781 4714 ἂν
798 4648 941 4737 ἀποθάνῃ.

553 4787 601 4844 55.

224 4915 269 4974 lb.
289 4911 338 4981 6ο,
353 4922 383 4967 et
396 4911 528 4967 lltsenius
540 4909 604 4966 lon.
620 4927 650 4981 p.
667 4927 733 4981 129.

555 5081 600 5131 51.

182 5169 212 5228 Sl
227 5168 291 5242 quis
300 5174 422 5223 amantes
432 5172 523 5221 mente
535 5171 628 5235 eaptus
639 5178 697 5219 esse
710 5164 757 5229 ait,

182 5254 258 5312 haud
277 5252 361 5309 dubio
375 5251 459 5308 stulta
470 5259 511 5307 est
523 5248 614 5306 indole
626 5268 634 5316 ;

185 5359 250 5402 nam
264 5342 288 5398 si
304 5339 491 5414 quisuulerta
504 5339 557 5395 vitu
567 5339 735 5410 uoluptates,

184 5428 254 5486 nihil
267 5426 432 5499 relinquitur
441 5423 512 5482 aliud
522 5440 604 5496 quam
620 5440 703 5480 mors.

558 5515 602 5565 52.

183 5607 255 5662 Natu
264 5617 377 5661 uxorem
391 5600 491 5658 ducere
506 5614 646 5656 summum
662 5607 704 5655 est
717 5600 845 5656 miseria.

300 5691 303 5696 ’
555 5693 600 5743 53.

188 5779 300 5837 [tullum
311 5791 403 5834 revera
415 5777 523 5847 panus
534 5781 575 5831 est
587 5772 740 5847 ponderum

188 5881 272 5941 quam
285 5863 396 5929 mulier,
410 5877 472 5934 quae
484 5876 612 5932 magnum
625 5860 716 5916 dotem
729 5860 830 5917 attulit.

559 5956 604 6004 54.

190 6045 248 6116 ligo
261 6045 354 6097 autent
365 6035 470 6092 mulieri
483 6036 591 6091 nonnisi
600 6050 687 6091 uuum
698 6032 834 6105 quoddam
847 6035 938 6104 eredo,

129 6135 137 6148 ·
189 6143 268 6194 eant,
283 6125 307 6182 si
320 6131 427 6180 mortua
439 6121 535 6190 luerit,
547 6138 603 6178 non
615 6121 797 6188 revicturum

189 6213 333 6274 deoeteris
347 6211 452 6269 eunetis
461 6227 517 6267 non
529 6210 610 6266 eredo
620 6251 628 6276 ,
639 6207 726 6264 donee
741 6217 849 6266 mortua
864 6210 956 6267 luerit.

563 6305 607 6354 55.

191 6391 376 6450 Vehementer
388 6388 471 6443 Ιιοιιιο
482 6385 613 6458 lippiens,
631 6401 716 6457 uuuui
728 6385 800 6443 inula

1009 2874 1087 2931 haud
1103 2896 1169 2933 raro
1188 2884 1369 2938 commutatis
1391 2884 1427 2939 ad
1447 2887 1576 2959 lltucyd.
1596 2908 1626 2962 2,
1643 2909 1690 2945 ιο.
1704 2888 1796 2967 Ὀσμα

1009 2980 1069 3016 non
1084 2965 1198 3021 invenio
1217 2968 1296 3042 apud
1308 2971 1390 3039 alios,
1404 2971 1454 3027 sed
1471 2972 1556 3047 digna
1572 2976 1632 3031 haec
1651 2977 1741 3035 sonna
1755 2993 1797 3036 est

1010 3052 1183 3129 Antiphane,
1200 3059 1289 3112 multa
1299 3060 1455 3132 peculiaria
1467 3074 1630 3137 usurpante.

1052 3229 1096 3287 lb.
1111 3250 1140 3304 9.
1406 3200 1414 3226 Ι

1060 3330 1101 3396 Τί
1118 3333 1197 3421 palu
1212 3332 1318 3398 λαθεῖν
1336 3328 1435 3410 ζητῶν
1454 3361 1486 3400 τι
1501 3339 1572 3429 πρὸς
1590 3346 1707 3431 γυναῖκ’
1725 3344 1797 3432 ἐρεῖς

1061 3437 1095 3501 τὸ
1112 3442 1256 3529 πρᾶγμα;
1271 3439 1324 3504 καὶ
1341 3439 1373 3505 τί
1388 3451 1476 3508 τοῦτο
1484 3443 1556 3508 λίαν
1566 3436 1699 3537 διαφέρει

1060 3541 1078 3615 i.
1095 3548 1170 3609 πᾶσι
1186 3552 1249 3620 τοῖς
1265 3541 1387 3637 κήρυξιν
1406 3550 1436 3613 ἐν
1451 3549 1544 3641 ἀγορᾷ
1556 3553 1684 3642 φράσαις

1013 3674 1056 3727 lta
1071 3673 1137 3728 eod.
1150 3675 1171 3728 B
1182 3691 1264 3729 versu
1279 3694 1312 3744 23
1323 3677 1352 3730 in
1365 3678 1426 3731 aliis
1440 3679 1522 3734 libris
1536 3681 1668 3735 omissum
1682 3690 1723 3735 est
1738 3678 1796 3736 λίαν

1012 3773 1147 3834 sequente
1158 3762 1242 3816 sirnili
1256 3762 1311 3819 δια.
1328 3764 1451 3822 tteinek.
1465 3768 1616 3840 scripserat

1053 3903 1091 3915 —
1103 3869 1166 3948 πρὸς
1177 3870 1278 3946 γυναῖκ’
1290 3870 1342 3947 ἄρα

1052 3965 1120 4113 {pair
1131 3957 1160 4014 τὸ
1173 3966 1299 4034 πρᾶγαα,
1316 3958 1362 4016 καὶ
1374 3958 1398 4015 τί
1413 3963 1488 4020 τοῦτο
1503 3962 1619 4044 διαφέρει

1083 4053 1147 4103 πᾶσι
1158 4057 1212 4104 etc.

1013 4160 1109 4217 Minus
1120 4160 1205 4216 etiam
1222 4159 1316 4233 probo
1328 4163 1448 4217 Porsoni
1463 4165 1613 4220 rationem.

1309 4270 1346 4327 58
1367 4289 1396 4339 a,
1418 4272 1448 4340 b,
1470 4292 1496 4329 c.

1054 4351 1096 4408 lb.
1114 4349 1162 4420 78,
1181 4372 1208 4420 7.

1063 4458 1156 4542 ὅστις
1177 4459 1206 4531 δ’
1227 4466 1357 4559 ἐρυθριᾷ,
1372 4475 1547 4544 τηλικοῦτος
1562 4469 1614 4552 ὢν,
1633 4471 1677 4535 ἔτι

1064 4573 1135 4663 πρὸς
1156 4574 1225 4648 τοὺς
1241 4576 1345 4638 ἑαυτοῦ
1360 4576 1478 4665 γονέας,
1497 4578 1551 4640 οὒκ
1567 4577 1646 4643 ἔστιν
1663 4577 1765 4653 κακός.

1160 4672 1177 4703 ὅ
1226 4672 1241 4704 U
1290 4672 1305 4704 ὅ

1064 4775 1159 4859 ὅστις
1178 4782 1234 4876 γὰρ
1252 4788 1409 4877 ὁμολογῶν
1426 4811 1458 4851 τι
1481 4792 1521 4878 μὴ
1548 4795 1634 4854 ποιεῖ
1643 4791 1749 4873 πατρὶ,

1064 4890 1185 4957 πάντων
1200 4887 1235 4956 ἃν
1252 4890 1338 4968 οὗτος
1351 4897 1574 4984 καταφρονήσει
1589 4904 1649 4962 τῶν
1666 4897 1748 4962 θεῶν.

1019 5073 1138 5147 plurima
1154 5074 1287 5146 patiatur,
1299 5090 1388 5130 unum
1404 5077 1506 5147 patitur
1516 5073 1658 5147 bonum‚'

1017 5160 1134 5234 quodeo
1149 5170 1272 5233 tempure
1282 5177 1394 5218 uxorem
1407 5178 1464 5218 non
1480 5163 1562 5223 videt.

1390 5257 1436 5307 56.

1019 5338 1081 5395 Noli
1091 5336 1221 5395 odoribus
1230 5337 1353 5395 excolere
1364 5354 1481 5411 eorpus,

1019 5423 1067 5481 sed
1078 5423 1156 5482 laetis
1168 5425 1346 5498 moribusque
1357 5427 1435 5499 puris
1449 5428 1583 5484 animum.

1392 5519 1438 5569 57.

1021 5599 1096 5671 Quid
1108 5600 1163 5654 ais?
1174 5597 1249 5670 quod
1261 5597 1354 5655 studes
1369 5608 1400 5657 ut
1414 5601 1512 5668 lateat,
1530 5601 1557 5656 id
1570 5602 1673 5657 mulieri
1684 5600 1759 5656 diues

1020 5689 1181 5759 negotium?
1194 5687 1291 5760 eequid
1301 5687 1353 5744 Ιιοο
1366 5689 1483 5744 multum
1494 5687 1587 5746 diflert
1602 5688 1635 5744 ab
1647 5704 1697 5754 eo,

1020 5780 1044 5835 si
1055 5777 1182 5835 omnibus
1196 5778 1224 5833 in
1235 5776 1296 5835 loru
1307 5780 1478 5851 praeeonibus
1490 5778 1617 5835 indicas?

1363 5872 1408 5922 58.
1430 5882 1457 5922 e.

1022 5953 1077 6025 Qui
1091 5968 1154 6008 vero
1166 5950 1215 6008 tali
1229 5957 1310 6008 aetate
1322 5950 1413 6010 adhue
1423 5952 1560 6009 erubescit
1572 5953 1628 6009 suis

1022 6038 1193 6114 parentibus,
1205 6038 1251 6094 hie
1265 6053 1320 6094 non
1335 6046 1376 6095 eet
1386 6039 1482 6095 malus.

1368 6132 1412 6181 58.
1435 6126 1461 6181 b.

1024 6217 1093 6270 Nam
1106 6213 1154 6286 qui
1166 6210 1233 6268 nihil
1254 6227 1364 6278 eorum,
1385 6211 1419 6267 de
1435 6212 1535 6285 quibus
1547 6215 1683 6281 conuenit,
1697 6219 1805 6285 prrsut

1699 6301 1705 6370 l
1718 6299 1784 6372 l)atri
1796 6338 1803 6364 ι

1025 6388 1047 6443 is
1060 6401 1155 6443 omnes
1164 6385 1230 6443 deus
1240 6393 1434 6442 contemneret.
