4084 8009
859 1502 1069 1564 DlODORUS.

155 1637 199 1710 25
227 1639 267 1720 ἐἰς
282 1642 336 1718 τὰς
350 1639 447 1717 θυσίας
458 1640 570 1715 ταύτας
580 1637 762 1730 παρασίτους
773 1648 818 1723 τῷ
833 1640 889 1724 θεῷ

227 1753 396 1815 οὐπώποτ’
417 1749 641 1838 ἀπεκλήρωσεν,
660 1737 729 1811 οὐδὲ
741 1741 911 1839 παρέλαθεν

228 1853 268 1931 είς
282 1864 383 1920 ταῦτα
399 1854 471 1929 τοὺς
487 1852 653 1946 τυχόντας,
673 1847 756 1917 ἀλλὰ
779 1855 937 1944 κατέλεγεν

228 1961 261 2023 ἐκ
275 1968 337 2024 τῶν
351 1964 487 2024 πολιτῶν
501 1949 611 2023 δώδεκ’
623 1947 748 2046 ἀνδρας,
764 1959 912 2048 ἐπιμελῶς

228 2057 408 2154 ἐκλεξαμένη
425 2063 494 2139 τούς
508 2065 543 2129 ἐκ
558 2056 714 2130 δυναστῶν
731 2064 910 2154 γεγονότας,

157 2163 203 2233 30
228 2169 351 2263 ἔχοντας
365 2169 480 2253 οὐσίας,
494 2174 596 2245 καλῶς
610 2161 802 2253 βεύιωκύτας.

228 2267 293 2339 Εἶθ’
309 2276 446 2366 ὕστερον,
460 2272 511 2338 τὸν
524 2266 664 2366 Ἡρακλέα
678 2273 875 2363 μιμούμενοι,

227 2389 286 2446 τῶν
301 2378 430 2471 εὐπόρων
444 2381 522 2456 τινὲς
534 2377 718 2471 παρασίτους
734 2378 870 2469 ἑλόμενοι

226 2487 340 2575 τρέφειν
349 2484 549 2576 παρεκάλουν,
561 2482 630 2574 οὐχὶ
642 2485 711 2560 τοὺς
723 2487 938 2575 χαριεστάτους

231 2589 438 2684 ἐκλεγόμενοι,
461 2592 530 2667 τούς
552 2583 587 2655 δέ
611 2590 782 2655 κολακεύειν
807 2579 938 2679 δυναμέ-

869 2717 936 2770 νους

158 2793 202 2866 35
228 2798 280 2865 καὶ
293 2798 384 2865 πάντ’
405 2803 551 2884 ἐπαινεῖν,
572 2794 616 2876 οἷς
635 2792 739 2872 ἐπειδὴ
762 2799 938 2890 πρυσερύγοι

229 2900 392 2997 ραρανῖδας
408 2902 427 2978 ἢ
442 2905 556 2998 σαπρὸν
572 2904 708 2998 σίλουρον
723 2906 919 2996 καταφαγὼν,

229 3009 262 3075 ἴα
277 3010 329 3077 καὶ
347 3002 410 3101 ῥόδ’
429 3012 541 3103 έρασαν
556 3012 647 3075 αὐτὸν
660 3012 860 3101 ἠριστηκέναι·

230 3115 295 3182 ἐπεὶ
311 3109 341 3182 δ’
364 3110 538 3207 ἀποπάρδω
556 3115 635 3208 μετά
653 3141 734 3192 τινος
760 3114 939 3206 κατακείμε-

891 3246 938 3298 νος

228 3327 358 3411 τούτων,
385 3324 547 3418 προσείγων
570 3329 625 3400 τὴν
648 3332 693 3416 ρῖν
695 3316 817 3394 ἐδεῖτ’
846 3329 938 3391 αὐτοῦ

815 3446 936 3523 ρρασαι,

157 3537 203 3616 lo
229 3535 316 3603 πόθεν
333 3536 369 3602 τὸ
383 3535 518 3628 θυμίαμα
528 3547 620 3604 τοῦτο
635 3530 800 3628 λαμύιίνει.

230 3639 244 3665 *
266 3641 322 3709 Διύι
335 3644 403 3720 τούς
416 3646 566 3721 τοιούτους
584 3645 651 3721 τούς
673 3644 807 3737 ἀσελγῶς
825 3647 940 3735 χρωμέ-

876 3774 939 3825 νους

228 3855 264 3919 τὸ
276 3853 377 3946 τίμιον
386 3856 438 3922 καὶ
450 3857 485 3923 τὸ
495 3856 588 3922 καλὸν
602 3854 728 3946 αἰσχρόν
744 3857 812 3921 ἐστι
826 3863 885 3918 νῦν.

156 4012 243 4064 Versu
270 4008 285 4065 3
308 4011 406 4065 malim
429 4007 575 4086 εθρημα,
601 4008 655 4066 καῖ
675 4009 755 4065 θεῶν
780 4006 861 4084 (γε),
887 4004 934 4073 τὸς

159 4094 181 4151 δ’
196 4108 357 4171 etc.,versu
368 4108 464 4155 autem
485 4095 698 4154 ascribendum
759 4150 767 4164 ,

203 4226 271 4314 οὐχὶ
289 4219 441 4317 διακρίνας
457 4226 607 4317 πενιχρὸν,
625 4223 713 4297 ἢτὴν
727 4222 887 4305 πλουσίαν,

155 4398 220 4433 nam
235 4380 307 4433 male
322 4379 462 4433 collocata
472 4396 529 4433 vox
540 4376 678 4455 πενιχράν.
671 4380 803 4434 .Ι)ἰοιιιιιι
819 4376 939 4455 πενιχρὸν

157 4488 212 4540 pro
229 4468 382 4537 feminino,
395 4465 518 4543 ιιῑύργὸν
534 4486 589 4541 pro
605 4464 687 4543 ἀργὴν
709 4468 799 4543 soph.
816 4466 937 4524 l‘ltiloct.

157 4572 206 4623 97.
222 4553 265 4612 cf.
282 4554 382 4609 Matth.
396 4555 446 4612 Gr.
461 4554 708 4629 §rra,1.1Versu
725 4574 759 4609 ro
772 4552 819 4620 sals
830 4553 940 4609 addidit

156 4643 278 4699 Casaub.
289 4642 379 4699 Versu
395 4662 426 4698 ιι
437 4643 524 4717 vulgo
539 4640 706 4706 κατακλιθείς
717 4638 840 4714 κοσμίως,
852 4660 939 4714 quum

158 4730 231 4786 forte
246 4730 392 4799 exciderit,
404 4732 519 4805 opinor,
534 4749 562 4784 ευ
578 4741 644 4803 post
657 4748 713 4794 -ιις
732 4730 831 4787 simile.
849 4730 941 4784 hlinus

156 4819 345 4893 probabiliter
358 4818 451 4875 Dobr.
463 4817 581 4874 Adaeus.
595 4835 622 4887 a,
635 4836 666 4891 p.
685 4815 753 4889 διο,
768 4819 941 4893 συγκατακλι-

157 4904 216 4972 dele.
228 4908 263 4964 V.
283 4905 478 4981 relegebatur
493 4901 636 4981 ἐντραγῶν,
652 4901 765 4980 ἐμπιὼν,
782 4904 862 4978 quod
874 4924 940 4961 cor-

158 4998 230 5050 rexit
240 4995 366 5052 Grotius.
378 4998 413 5053 V.
432 5014 467 5071 19
482 4993 605 5051 scribam
621 4990 819 5071 παρατεθίντων
832 4996 939 5067 ποιῶν,

159 5085 311 5156 aliquorum
331 5082 361 5141 h.
382 5100 409 5141 e.
426 5084 679 5157 qualiumcunque.
693 5085 755 5138 Vox
777 5098 858 5151 rara,
884 5101 936 5139 nee

159 5250 193 5298 25
212 5253 239 5299 et
248 5245 275 5300 in
288 5244 331 5301 his
340 5244 476 5302 sacrifieiis
485 5246 533 5319 qui
542 5244 593 5301 deo
605 5244 815 5310 accumberent,

213 5346 353 5403 nunquam
371 5332 465 5389 sortita
474 5340 529 5399 est,
545 5346 634 5404 neque
648 5330 752 5402 accepit

212 5417 346 5487 quoslibet
357 5417 390 5475 ad
404 5419 468 5488 hoc,
482 5418 529 5477 sed
539 5419 621 5493 elegit

213 5518 228 5558 e
242 5502 345 5560 civibus
357 5502 500 5562 duodecim
510 5505 590 5577 viros,
601 5505 706 5564 curiose

212 5591 328 5663 sumptis
341 5591 492 5662 potentium
506 5591 586 5663 liliis,

160 5685 194 5733 30
212 5694 270 5735 rem
282 5678 444 5735 habentibus
453 5683 513 5747 (et)
527 5680 643 5739 honeste
658 5682 819 5741 urentibus.

215 5770 324 5832 Postea,
339 5764 483 5821 Herculem
495 5764 604 5834 imitati,

214 5851 412 5908 fortunatorum
424 5850 550 5908 nonnulli
563 5855 695 5924 parasitos

214 5939 395 6007 advocabant,
410 5954 480 6013 quos
489 5939 609 6007 alerent,
624 5957 682 5997 ιιοιι
694 5940 897 5997 formosissimis

215 6026 255 6083 ele
265 6028 321 6091 ϊίε,
336 6025 386 6084 σεδ
397 6027 545 6100 aptissimis
558 6026 695 6085 adulando

161 6122 193 6170 35
213 6116 356 6188 omniaque
369 6113 524 6183 laudand03
539 6130 630 6171 coram
642 6116 742 6189 quihus
760 6116 858 6186 siquis
876 6131 940 6171 eru·

809 6203 938 6270 [etarerit

213 6290 346 6362 raphanos
355 6289 395 6346 vel
406 6290 537 6358 silurum,
551 6305 632 6362 quem
645 6288 781 6356 eomedit,
801 6289 938 6361 putidum,

268 6395 410 6432 t'nhcflnh'ra
425 6395 562 6432 contendisti
578 6395 627 6433 CB..

1708 1515 1765 1564 593

984 1648 1079 1692 tamen
1100 1636 1259 1693 desiderata
1283 1636 1438 1691 in‘lexicis.
1470 1638 1505 1691 V.
1528 1654 1560 1689 τι
1580 1636 1672 1690 scribo
1696 1635 1767 1693 ἔνδο-

985 1723 1025 1791 ξον
1043 1723 1095 1781 ἀεί
1110 1725 1177 1801 (τε)
1191 1724 1236 1781 καλ
1250 1723 1344 1795 καλὸν,
1369 1744 1404 1780 nc
1419 1723 1458 1779 ἀεὶ
1480 1725 1663 1797 producatur.
1680 1729 1711 1780 V.
1731 1735 1766 1791 al,

984 1815 1050 1869 libri
1064 1812 1169 1888 δόμοισι
1183 1812 1330 1890 (Casaub,
1343 1824 1498 1885 utcumque
1508 1811 1604 1867 efficto
1620 1832 1713 1882 versu,
1723 1814 1768 1881 δή-

986 1898 1061 1974 μοις)
1083 1898 1174 1965 θυσίας
1204 1898 1354 1974 ποιουμένη.
1378 1901 1522 1957 Glossema
1549 1901 1764 1957 immodulatum

985 1983 1077 2051 θυσίας
1092 1997 1133 2042 est
1147 1989 1225 2043 vocis
1238 1985 1303 2062 θύη,
1320 2008 1383 2062 quae
1396 2000 1490 2046 metro
1507 1989 1649 2062 congruit.
1669 1992 1768 2044 Versus

985 2073 1064 2129 adet
1077 2092 1156 2149 seqq.
1174 2085 1283 2150 spectat
1298 2073 1448 2133 Athenaeus
1461 2075 1502 2152 ib.
1518 2094 1547 2147 p.
1561 2072 1629 2143 235,
1645 2077 1670 2129 D
1685 2094 1692 2128 ι
1710 2076 1765 2133 Φι·

984 2160 1093 2241 λόχορος
1107 2160 1276 2238 μνημονεύων
1292 2165 1342 2219 τῶν
1360 2157 1576 2239 καταλεγομένων
1591 2163 1629 2237 τῷ
1640 2156 1770 2237 Ἡρακλεῖ

983 2247 1153 2327 παρασίτων,
1174 2247 1219 2307 καὶ
1240 2249 1312 2309 Διόδ.
1338 2253 1352 2307 ὸ
1373 2248 1507 2313 Σινωπεὺς
1531 2245 1717 2326 κωμῳδοποιὸς
1741 2250 1767 2305 ἐν

984 2335 1094 2395 Ἐπικλ.
1116 2341 1151 2397 V.
1172 2338 1208 2394 30
1230 2336 1319 2403 οὐσίας
1332 2338 1451 2396 Casaub.
1471 2349 1499 2393 et
1517 2356 1620 2411 margo
1645 2337 1709 2392 cod.
1732 2338 1766 2410 Q.

984 2427 1075 2483 Ceteri
1102 2422 1201 2487 θυσίαι.
1229 2427 1274 2484 Ob
1299 2446 1412 2482 versum
1434 2426 1556 2482 scribam
1581 2422 1668 2488 οὐσίας
1693 2422 1765 2502 (τε).

984 2516 1017 2569 V.
1037 2514 1073 2570 32
1092 2516 1164 2571 male
1182 2515 1247 2570 libri
1261 2536 1342 2578 τινας.
1363 2519 1464 2572 Versus
1486 2513 1522 2569 36
1539 2515 1680 2569 innumeri
1705 2523 1769 2568 sunt

984 2605 1106 2659 numeri.
1125 2604 1204 2659 Libri
1223 2602 1365 2682 ῥαφανῖδας
1391 2600 1452 2673 καὶ,
1470 2614 1574 2678 praeter
1586 2605 1634 2660 VL
1649 2604 1698 2677 qui
1721 2605 1768 2679 ρα-

985 2690 1092 2769 ρανῖδα.
1115 2690 1260 2747 Dindort‘ri
1275 2702 1317 2747 est
1335 2688 1364 2760 ἧ.
1382 2693 1443 2765 Ego
1458 2689 1579 2746 emendo

1035 2807 1197 2904 ῥαφανῖδας
1212 2812 1230 2885 ἢ
1248 2811 1380 2906 σίλουρον
1395 2812 1560 2906 ἀποφαγὼν
1577 2811 1703 2903 σαπρόν.

984 2940 1083 2995 Litera
1098 2960 1111 2993 ν
1123 2939 1219 2994 similis
1233 2940 1263 2993 in
1277 2937 1423 2994 codicibus
1436 2958 1452 2993 κ
1466 2938 1564 3006 literae,
1577 2937 1770 2994 adhaerescens

984 3028 1022 3104 τῷ
1037 3025 1116 3097 ἀπα,
1132 3029 1204 3083 lorte
1218 3027 1290 3082 abiit
1302 3027 1332 3080 in
1345 3046 1441 3082 κατα-.
1459 3026 1539 3082 Certe
1555 3026 1665 3079 nomini
1682 3022 1770 3081 σίλου-

986 3134 1030 3191 ρον
1046 3124 1123 3170 recte
1143 3114 1284 3170 collocato
1305 3133 1364 3169 non
1377 3109 1537 3190 καταφαγὼν
1551 3114 1697 3181 convenit,
1720 3113 1769 3169 sed

985 3200 1137 3284 ἐποραγόιν.
1155 3206 1189 3259 V.
1216 3202 1253 3259 38
1272 3203 1328 3259 ἐπεὶ
1352 3202 1376 3257 δ’
1395 3200 1562 3258 Dindorfius
1586 3222 1640 3277 pro
1663 3199 1768 3258 ἐπειδδιν

985 3289 1018 3350 δ’.
1033 3295 1065 3349 V.
1080 3292 1117 3366 39
1131 3288 1364 3368 librirotinpcum
1374 3291 1555 3365 sequentibus
1569 3290 1765 3363 conjunctum,

986 3393 1014 3437 et
1024 3376 1069 3449 τὴν
1082 3379 1139 3459 divo
1152 3379 1191 3435 δεῖ
1204 3381 1302 3457 ταυτῷ,
1322 3377 1402 3452 quod
1416 3378 1520 3452 partim
1540 3380 1663 3432 correxit
1678 3378 1767 3433 Dobr.

985 3473 1015 3526 V.
1028 3464 1203 3543 halapiam
1212 3487 1267 3543 pro
1275 3463 1419 3540 λαμύανεις
1428 3467 1514 3523 Mem
1528 3469 1562 3523 V.
1573 3473 1607 3531 [ει
1621 3477 1647 3521 et
1659 3476 1695 3522 la
1707 3485 1769 3539 quae

985 3560 1116 3635 leguntur
1136 3558 1269 3613 mendosa
1289 3565 1353 3611 sunt
1374 3567 1403 3610 ct
1424 3565 1522 3609 contra
1543 3566 1631 3609 artem
1655 3558 1768 3629 scripta.

985 3650 1064 3722 Lego

1035 3758 1089 3828 διὰ
1105 3763 1173 3839 τούς
1184 3761 1320 3853 ἀσελγῶς
1334 3766 1397 3836 τοῖς
1405 3763 1551 3834 τοιούτοις
1566 3761 1744 3851 χρωμένους,

1035 3870 1070 3933 τὸ
1081 3866 1180 3959 τίμιον
1196 3866 1293 3934 καὶτὸ
1307 3866 1401 3933 καλόν
1416 3869 1477 3931 ἐστ’
1497 3864 1620 3952 αἰσχρόν
1637 3891 1668 3928 τι
1682 3874 1742 3928 νῦν.

1175 4033 1226 4088 EX
1247 4032 1407 4088 INCERTA
1432 4031 1589 4086 FABULA.

1028 4156 1107 4211 Stob.
1123 4155 1221 4210 Floril.
1239 4172 1289 4226 7ο,
1305 4172 1332 4225 ι,
1345 4171 1409 4206 cum
1428 4152 1560 4206 lemmate
1575 4149 1716 4224 Διοδώρου.

1036 4264 1106 4439 Ἐγὼ
1125 4268 1177 4357 μὲν
1189 4262 1238 4331 οὐν
1252 4265 1305 4331 τὸν
1314 4264 1405 4355 νόμον
1419 4266 1541 4353 ἐμαυτῷ
1555 4262 1672 4328 τουτονὶ

1038 4372 1070 4439 τί
1071 4361 1400 4500 θεμαι,δρκιμαίζων,ῗ
1380 4395 1477 4460 ιοσπερ
1495 4366 1618 4459 εἴρηται,
1625 4375 1734 4435 ποιεῖν

1035 4486 1171 4572 κρεῖττον
1183 4478 1239 4569 γοίρ
1256 4480 1339 4542 ἐστιν
1353 4473 1384 4541 εὐ
1401 4501 1433 4539 τ
1423 4475 1605 4566 θραμμένκν
1619 4470 1720 4540 λαθεῖν
1785 4547 1788 4556 Ι

1036 4580 1152 4678 γυναῖκ’
1170 4581 1326 4674 ἄπροικον,
1344 4581 1477 4658 ἢκακως
1490 4607 1546 4671 μετ
1535 4579 1567 4645 ἀ
1585 4580 1766 4672 χρημάτων,

988 4688 1074 4766 fimi
1036 4697 1092 4766 τήν
1109 4692 1249 4781 ἐσομένην
1264 4713 1315 4753 και
1331 4697 1427 4754 ταυτα
1445 4690 1572 4776 μέτοχον
1586 4696 1637 4751 τοῦ
1654 4684 1729 4769 βίου.

986 4825 1075 4879 Versu
1089 4841 1099 4876 1
1116 4816 1217 4876 τουτονὶ
1227 4836 1325 4893 margo
1337 4816 1420 4874 Gesn.
1435 4834 1489 4891 pro
1503 4820 1602 4873 τοῦτον.
1616 4819 1650 4872 V.
1669 4822 1706 4879 [μ
1721 4837 1766 4870 κα-

987 4910 1048 4978 κῶς,
1060 4910 1123 4968 scil.
1138 4903 1329 4983 τεθραμμένην.
1352 4908 1470 4960 Temere
1489 4904 1571 4962 Grot.
1588 4914 1616 4959 et
1627 4903 1767 4960 Gaisford.

988 4994 1081 5064 κακήν.
1098 5022 1109 5046 ε
1124 4997 1149 5050 B
1159 4998 1200 5050 M.

1043 5244 1126 5300 violas
1134 5253 1162 5301 et
1170 5259 1245 5301 rosas
1257 5242 1473 5315 eumjentavisse
1482 5242 1626 5308 dicebant,

1041 5348 1125 5405 quum
1146 5339 1238 5387 autem
1257 5330 1421 5387 accumbens
1446 5346 1508 5386 cum
1532 5330 1649 5399 quodam
1670 5331 1768 5386 horum

1529 5419 1538 5482 [
1549 5416 1589 5470 vir
1602 5414 1767 5487 pepedisset,

1040 5519 1136 5561 nasum
1150 5503 1196 5561 ille
1205 5502 1352 5560 admovens
1365 5502 1466 5568 oravit,
1481 5507 1513 5556 ut
1525 5499 1643 5564 diceret,

988 5599 1022 5649 lo
1040 5592 1113 5649 unde
1123 5591 1151 5648 id
1159 5591 1348 5649 suffimentum
1362 5590 1483 5646 haberet.

1041 5682 1154 5751 Propter
1163 5693 1227 5745 eos,
1240 5678 1286 5751 qui
1297 5675 1446 5733 immodice
1459 5673 1558 5730 talibus
1570 5682 1696 5743 utuntur,

1041 5769 1203 5824 honoratum
1214 5766 1267 5822 hoc
1281 5774 1308 5821 et
1318 5763 1440 5834 lepidum
1455 5779 1528 5818 nunc
1542 5771 1582 5817 est
1595 5770 1682 5835 turpe.

1174 5854 1225 5908 Ex
1247 5854 1402 5908 incanta
1423 5850 1581 5905 FABULA.

987 5946 1088 6015 Legem
1106 5942 1177 5997 hanc
1190 5938 1313 6003 condixi,
1326 5947 1406 6009 atque
1418 5936 1475 6008 ipso
1487 5935 1616 5991 constitui
1627 5937 1694 5994 mihi
1707 5958 1713 5992 :

987 6033 1028 6085 lta
1043 6029 1125 6093 scivi,
1140 6028 1176 6084 ita
1188 6025 1278 6093 sanxi,
1294 6026 1330 6080 ita
1346 6024 1429 6080 animi
1440 6031 1493 6080 sut
1506 6027 1639 6081 sententia
1656 6044 1662 6080 :

988 6116 1035 6172 Pol
1049 6116 1131 6171 satius
1142 6116 1250 6184 inopem
1265 6112 1368 6169 ducere
1379 6110 1507 6168 eductam
1524 6112 1624 6183 probe,

987 6204 1074 6272 Quam
1086 6202 1155 6256 male
1170 6206 1301 6255 moratam
1315 6196 1380 6253 dote
1393 6197 1489 6253 iratam
1502 6196 1617 6269 dapsili,

962 6260 966 6342 ί
988 6289 1057 6344 Vitae
1072 6294 1225 6342 consortem
1241 6283 1357 6339 assiduae
1369 6283 1584 6340 consuetudinis.
1618 6286 1654 6340 ll.
1671 6286 1767 6342 Geor.

1639 6385 1665 6424 38
